2406 3822
55 251 64 256 ,
166 191 210 261 38
230 117 631 316 permittentium.
640 197 686 261 IN
695 162 947 264 GEN.LlB.lll.
956 189 1090 283 1111113.
1196 201 1197 260 i

167 333 346 442 larrdibus,
346 309 405 428 alii
428 365 661 444 castigationibus
689 367 854 444 proficiant·
898 372 1021 430 etenim
1032 365 1109 447 qul

94 453 111 531 s
167 453 273 510 viurrte
292 449 418 527 fulget,
417 451 489 512 late
511 463 541 512 et
561 473 656 528 aeque
678 463 773 530 potest
797 455 911 515 cunctis
929 455 1089 516 secundum
1196 489 1197 496 .

166 535 332 643 facultatem
345 556 431 596 stum
447 537 595 612 prodesse.
1196 619 1197 628 ἵ

170 671 253 774 Quid
270 701 330 746 esi.-
360 685 430 746 Non
451 659 600 750 occulitur
619 709 722 749 nomeu
742 702 826 752 tuum
844 665 974 766 Aleten,
994 621 1136 758 sedp2l12

207 770 348 832 Abiorum
367 776 423 830 erit
443 793 545 832 reorum
566 781 671 834 tuum?
694 779 750 848 *)
1196 791 1197 812 ³

252 877 351 944 143.
393 871 521 954 Quidam
540 883 580 934 ert
598 875 740 936 destitutis
755 895 772 934 s
786 876 895 936 musica
913 873 1086 952 cineresque,

55 1019 59 1022 ,
165 877 263 1018 hamel
270 978 310 1018 ex
322 959 492 1019 inconsultis
506 969 535 1019 et
550 980 567 1020 s
584 959 682 1020 divino
699 957 785 1019 choro
803 961 1007 1036 resilientibus,
1029 964 1086 1020 im·
1138 1013 1141 1022 ,

165 1043 340 1120 maculatum
365 1053 467 1102 nature
490 1049 599 1116 (entem
623 1045 673 1105 vel
691 1047 862 1120 eapientem)
883 1047 1012 1122 irrident,
1041 1046 1088 1106 dt·
1196 1057 1197 1062 ’

165 1138 262 1188 centes
286 1147 352 1187 cum
373 1123 598 1202 vituperatione:
637 1149 654 1189 o
678 1149 817 1207 magnum
841 1130 963 1191 donum!
994 1149 1085 1192 tottam

62 1242 67 1248 ·
165 1213 291 1272 litteram
317 1215 455 1272 concessit
480 1216 681 1273 universorum
704 1215 766 1274 dux
793 1225 823 1275 et
844 1214 996 1292 dominus,
1026 1236 1086 1290 que

97 1316 100 1322 ¹
163 1317 270 1359 nomen
288 1296 464 1372 patriarchae
479 1317 608 1358 crescens
625 1301 724 1376 magni
742 1299 808 1376 fuit,
829 1309 926 1376 utpro
942 1300 1087 1378 disyllaba
1196 1333 1197 1374 1

104 1400 108 1403 ’
151 1379 346 1460 'trisyllaba
338 1382 432 1442 fieret.
475 1377 505 1442 Ο
525 1403 661 1460 magnam
682 1385 948 1443 cacodaemoniam
942 1387 1085 1460 impieta·

165 1471 298 1543 temque!
328 1467 477 1526 aisement
497 1469 616 1543 quidam
636 1469 673 1530 de
696 1468 751 1529 deo
771 1469 975 1528 detractionem
994 1471 1086 1529 intro-

166 1553 280 1626 ducere,
302 1551 411 1626 decepti
432 1552 583 1626 superficie
601 1555 737 1629 nominis,
764 1554 815 1612 ubi
834 1554 982 1628 oportebat
1002 1574 1086 1614 men·
1196 1569 1197 1576 ’

165 1647 224 1696 tem
246 1639 277 1694 iu
302 1637 445 1712 profunda
467 1639 640 1713 immittere,
671 1639 792 1697 interius
813 1647 864 1698 'res
888 1639 966 1714 ipsas
987 1641 1085 1714 inqui·

164 1721 254 1782 sendo
272 1721 429 1795 obseram
447 1723 674 1799 magnitudinem
694 1724 892 1799 possessionis.
942 1722 996 1784 Aa
1012 1723 1086 1784 haec
1161 1766 1164 1770 -
1196 1741 1197 1746 ’

166 1805 342 1884 et·litteram
365 1827 544 1880 concessam,
574 1809 628 1868 etsi
653 1808 751 1868 levem
775 1815 820 1867 ac‘
833 1809 966 1882 fau'lem,
993 1829 1085 1885 quam
1196 1867 1197 1884 ,

164 1891 375 1967 providentiam
395 1904 458 1950 non
476 1895 630 1968 reputatis,
662 1913 758 1969 neque
776 1895 901 1968 pretinm
929 1895 992 1952 eius
1012 1913 1084 1968 pon·

86 1967 92 1982 “
165 1977 293 2035 der-stis?
325 1974 499 2052 Siquidem
523 1989 589 2038 ante
613 1979 725 2052 onmia,
755 1979 881 2052 primum
908 1977 1085 2039 elementum

164 2061 295 2121 litteralis
318 2061 398 2120 vocis
418 2072 462 2120 est
475 2059 518 2133 A,
546 2071 605 2120 tam
624 2062 737 2138 ordine,
765 2081 851 2136 qrram
869 2063 985 2122 vinute.
1028 2061 1086 2122 Se·
1196 2097 1197 2106 ι

140 2147 257 2205 mundo
278 2146 366 2206 etiam
384 2147 484 2206 vocale
507 2145 705 2206 etsocslium
732 2147 877 2222 primum,
908 2148 982 2206 cicun
1000 2157 1089 2222 caput.

164 2231 417 2291 accommodatum.
471 2227 588 2307 Tertio,
610 2232 685 2306 'qrrie
705 2251 765 2290 non
788 2251 828 2290 ex
847 2233 971 2306 propriis
988 2231 1086 2308 longis
1196 2227 1197 2230 ’

137 2315 140 2321 ’
164 2325 220 2392 est,
241 2335 336 2390 neque
353 2335 393 2374 ex
408 2315 531 2402 propriis
546 2313 725 2394 brevibus,
715 2315 767 2377 secl
783 2315 820 2376 de
835 2337 957 2376 numero
969 2317 1083 2392 eorum,

67 2429 70 2436 ¹
164 2421 240 2477 quse
260 2406 415 2476 utrumque
438 2397 598 2478 continent,
630 2403 797 2462 extenditur
823 2404 900 2462 enim
920 2401 1036 2478 lougius
1055 2411 1084 2461 et

163 2495 316 2568 revocatur
337 2487 443 2544 iterum
470 2486 502 2544 in
526 2485 633 2562 breve,
663 2507 732 2562 pree
759 2485 877 2545 lenitate
902 2485 939 2544 ad
964 2485 1084 2546 modum

165 2589 248 2632 cerae
265 2569 456 2648 figuratum
445 2587 477 2627 ιιι
503 2569 609 2629 mulus
630 2589 677 2631 res
692 2580 721 2632 et
743 2569 873 2646 figurans
895 2570 1018 2630 verbrnn
1034 2589 1084 2630 se·

163 2655 290 2715 mnrium
313 2654 503 2734 multiplicem
527 2655 661 2730 speeiem.
720 2651 873 2714 Praeterea
899 2671 1000 2714 caussa
1025 2664 1081 2732 est,
1196 2715 1197 2722 ,

116 2749 118 2754 ’
164 2741 255 2802 frater
275 2741 354 2800 enim
376 2749 421 2800 est
442 2741 577 2816 emittitis,
608 2759 648 2799 ex
669 2759 727 2815 qua
747 2739 887 2814 incipiunt
908 2740 940 2799 in
960 2757 1084 2815 earnque
1196 2789 1197 2794 ,

163 2827 354 2886 terminantur
375 2825 482 2884 omnia.
535 2822 663 2884 Tantum
681 2825 770 2901 igitur
792 2823 934 2898 decorem,
956 2833 985 2884 et
1004 2833 1084 2883 tarttn

164 2905 332 2972 necessitate
349 2911 511 2984 expositam
530 2907 657 2969 litteram
671 2927 763 2984 qurum
782 2907 888 2968 viderit
906 2910 983 2986 quis,
1010 2929 1084 2985 quo·

157 2995 250 3059 ,modo
264 2995 415 3070 incumbit,
437 2996 520 3068 quiesi
539 3013 598 3052 non
618 2989 744 3054 viderit?
775 2991 854 3054 Nam
870 2993 896 3054 si
911 2993 995 3068 vidit,
1015 3013 1083 3052 con·

164 3079 349 3140 tumeliosnm
369 3099 401 3138 se
422 3079 517 3156 prodit
539 3090 568 3138 et
590 3079 656 3143 boni
678 3097 802 3140 osorem.
856 3077 945 3159 Quod
973 3079 1083 3138 sinunt

163 3165 270 3224 viderit
290 3174 349 3224 tam
370 3164 455 3224 touta
474 3163 634 3242 negotium,
656 3161 800 3242 qrramodo
823 3164 901 3242 qrrod
922 3164 1021 3238 nescit,
1043 3165 1082 3222 ir·

215 3345 243 3413 ⁹)
260 3345 358 3400 tiones·
378 3347 420 3408 rt,
434 3347 464 3402 ⁴5.
