2406 3822
172 217 215 284 oo
236 199 1038 300 PHIL.IUD.QUAEST.1NGEN.L.IV.§.7.
1059 223 1090 280 s.

17 373 24 382 ι
84 401 85 404 ’
173 388 314 467 quialiud
331 389 428 448 dicunt
443 395 472 447 et
488 368 769 464 contrarinmagn'nt.
813 384 977 448 Honestum
993 395 1091 448 autem

96 495 100 506 ·
172 476 298 550 seligens
322 475 495 533 determinat
524 494 576 548 per
594 473 724 531 ordinem
738 473 889 547 utriusque
904 475 1021 548 vivere,
1049 473 1090 532 ita

88 581 93 588 ·
171 569 204 619 ut
222 560 308 619 verba
323 561 402 633 prins
421 559 596 618 inclinentur
611 557 648 616 ad
668 577 753 634 opera
769 567 797 616 et
819 578 905 631 opera
925 557 961 616 ad
983 556 1087 616 verba:

171 653 284 719 utpote
303 645 375 702 sient
393 653 437 702 est
455 644 575 703 verbum
584 685 594 715 ‚
615 642 681 700 talis
696 643 736 701 sit
751 644 834 719 ἠως
864 652 893 701 et
908 641 1002 716 qtralis
1020 643 1088 715 vita,

170 729 236 788 tulis
254 730 340 788 etiam
353 749 448 788 sermo
464 729 599 803 sapientis
615 727 756 788 videatur.

174 877 274 966 Quare
291 881 561 965 mnuesfestinuut?
583 884 626 940 ait
642 885 734 942 euim.-
755 879 917 952 Festinavit
929 874 1088 940 Abraham

163 1009 166 1022 ,
211 970 244 1026 iu
265 962 482 1028 tobernmulum
494 965 536 1026 od
550 966 691 1039 Samum,
713 981 741 1026 et
756 965 837 1026 dixit
855 971 903 1026 ei:
923 967 1044 1047 festiue
1060 977 1088 1023 et

210 1057 358 1122 emeruisse
377 1067 435 1112 tres
448 1062 598 1114 mensuras
609 1051 739 1126 similae,
760 1053 852 1133 etfac
863 1049 1085 1110 ehematiae.

94 1197 97 1206 ,
155 1192 159 1202 p
211 1137 254 1196 Et
274 1135 317 1196 oct
335 1151 495 1196 (sumntum
516 1137 645 1196 circumit
671 1151 698 1194 et
725 1135 987 1218 sranpsitoitulmu
1007 1149 1085 1192 teue-
1167 1182 1171 1188 .

102 1251 106 1258 v
209 1245 276 1284 rma
302 1220 436 1305 deditque
458 1241 553 1297 potero
574 1234 601 1280 et
616 1225 787 1298 moperaoit
798 1223 906 1302 facere
926 1217 1049 1292 illudit).

104 1323 108 1328 ³
156 1346 157 1350 ’
254 1327 277 1396 l.
300 1333 330 1386 8.
373 1323 455 1383 Lens
477 1333 520 1382 est
536 1315 747 1398 ‘haee'sepienti
762 1316 920 1382 seeundum
937 1341 1026 1380 unam
1041 1319 1085 1380 el·

167 1419 296 1470 teramve
312 1411 527 1490 apparitionem.
572 1406 602 1466 N
603 1429 650 1466 am
666 1409 691 1467 si
708 1410 787 1466 viros
800 1408 966 1482 peregrinos
983 1405 1085 1466 existi·

166 1497 257 1554 mavit
267 1495 303 1552 ad
317 1515 349 1554 se
363 1495 521 1566 venientes,
544 1493 579 1552 de
594 1491 772 1552 humanitate
787 1503 815 1551 et
825 1489 1016 1565 hospitalitate
1029 1491 1084 1550 mi·

166 1580 274 1639 raudus
288 1589 346 1638 est:
379 1581 490 1637 sivero
506 1579 593 1636 deum
609 1575 760 1636 advenisse
783 1586 877 1637 ratum
901 1574 1002 1634 habirit
1024 1596 1084 1636 urna

165 1683 231 1723 cum
250 1665 340 1738 ipsius
364 1664 463 1738 primis
478 1664 647 1737 virtutibus,
674 1661 858 1721 felicissimus
875 1671 919 1722 est
935 1659 1082 1722 dicendus.-

166 1745 332 1819 secunaum
341 1750 429 1824 igitur
437 1750 643 1823 apparitionem
654 1749 1016 1824 uirmumperegrinmusu,
1029 1743 1083 1804 ho·
1174 1753 1192 1770 ‘

165 1834 330 1910 spitalr'tatis
352 1853 458 1892 mutnus
477 1834 640 1892 exercuisse
658 1831 776 1907 putandi
793 1841 861 1890 sunt
873 1829 1025 1889 Abraham
1054 1840 1083 1889 et

108 1977 109 1984 ,
164 1939 242 1977 uxor
252 1929 281 1978 et
296 1938 382 1992 puer:
412 1917 572 1990 seeundum!
586 1937 658 1976 vero
681 1917 711 1974 id
725 1917 803 1990 quod
822 1925 943 1992 egerunt
954 1935 1023 1990 erga
1038 1915 1082 1974 di-

163 2004 248 2062 vinas
272 2005 414 2076 uirtutes,
445 2022 504 2058 non
526 2001 650 2075 emplius
669 2000 800 2059 homines
818 2010 886 2058 sunt
906 1999 1016 2058 dicendi
1028 1997 1081 2059 ho·

163 2087 301 2162 spitales,
333 2086 384 2144 sed
399 2087 568 2160 incorporei.
617 2082 685 2142 Viri
703 2093 800 2142 eutem
817 2097 845 2144 et
860 2086 961 2142 uxoris
973 2085 1081 2146 fortnas

162 2174 203 2232 sic
219 2171 334 2246 accipe3
367 2190 459 2228 unum
476 2180 509 2228 ut
532 2169 700 2244 symbolum
727 2171 816 2226 animi
844 2170 1005 2244 purissimi,
1027 2173 1079 2244 qni

161 2253 315 2316 Abraham
327 2265 461 2331 vocetnr3
483 2264 512 2314 et
527 2253 663 2328 alteram,
684 2254 889 2328 perfectionem
903 2255 1027 2330 virtutis,
1043 2267 1074 2320 P.
1085 2269 1122 2322 A.

80 2360 82 2367 ·
162 2361 238 2418 qnae
251 2337 338 2402 Sarra
354 2340 481 2404 dicatur:
503 2337 702 2416 illudentem,
723 2340 801 2418 quod
810 2341 984 2418 prolativum
1001 2347 1045 2401 est
1058 2343 1124 2401 250

160 2429 282 2489 verbnm
292 2471 301 2502 ,
323 2449 396 2504 pner
415 2433 461 2500 (ut
471 2431 625 2503 minister).
634 2429 811 2503 appellatum
832 2438 886 2488 est.
930 2426 1080 2486 Festinant

160 2516 258 2572 entem
276 2514 403 2573 studiose
420 2517 541 2589 sineque
557 2515 734 2590 cunctatione
751 2515 865 2572 enimus
883 2523 912 2572 et
925 2513 1017 2570 virtus
1032 2531 1079 2570 ac-

159 2598 317 2658 celerantes
331 2597 369 2656 ad
386 2598 522 2672 placitum
538 2607 566 2657 et
588 2599 777 2656 ministerium
794 2597 860 2670 dei,
880 2597 1079 2671 virtutumque

159 2685 239 2742 eiust
269 2684 309 2741 ita
331 2691 365 2740 nt
379 2684 492 2741 animus
510 2683 663 2757 praepositi
676 2702 756 2740 more
772 2690 854 2758 reget
869 2691 898 2739 et
910 2681 1027 2740 adiuvet
1040 2679 1079 2740 ad

158 2767 299 2844 eondigne
316 2766 445 2826 facienda
461 2767 604 2842 celerius;
626 2768 718 2826 virtus
737 2775 833 2825 antem
846 2765 1020 2824 celeritatem
1034 2765 1079 2826 ln·

158 2863 322 2911 cunctanter
338 2861 477 2912 monstret
492 2852 530 2910 ad
546 2853 633 2909 trium
648 2871 848 2910 mensurarum
867 2861 895 2910 et
913 2851 995 2925 panis
1011 2871 1078 2928 per·

158 2937 327 3014 sectionem
350 2935 472 2996 verbum
483 2957 553 3014 vero
572 2937 681 2996 iussam
700 2933 824 2994 hostiam
835 2934 948 2994 offerat.

243 3020 333 3082 Porro
356 3023 443 3080 nimis
464 3021 594 3096 rretrnale
616 3031 659 3080 est
680 3019 753 3079 illud
772 3019 807 3079 de
826 3021 917 3080 tribus
933 3022 1077 3084 mensuris

157 3096 265 3169 dicuni
275 3107 415 3184 uerbum3
437 3127 507 3166 vere
530 3107 608 3164 enim
624 3125 725 3182 reapse
735 3109 778 3178 **)
798 3107 889 3165 tribus
907 3125 1076 3166 mensuren-

160 3218 361 3236 uun-uun·—

207 3287 233 3354 ')
252 3291 347 3340 Gener.
365 3286 407 3348 18,
423 3291 451 3340 6.
469 3269 496 3340 7.
564 3287 603 3348 *‘)
621 3290 693 3342 Ante
718 3289 854 3342 secundem
871 3289 919 3352 td,
935 3287 1003 3357 qvod
1018 3303 1076 3342 vm

156 3364 210 3421 ur,
235 3369 284 3410 seu
300 3357 378 3410 trinis
392 3357 476 3409 relus.
510 3358 624 3410 Aucta.
