2422 3826
94 241 209 306 amn
228 241 318 306 ΠΕ)
337 241 398 304 DE
417 239 597 362 limi
602 241 688 309 um:
697 197 748 306 ll.¹
762 248 787 319 5.
805 245 956 306 tta-ta.
977 241 1023 309 67

96 415 214 475 tumme
235 415 317 489 ἰιιιιιι
338 423 445 473 autern
451 413 498 482 ·;de
513 355 689 489 Mercurio,
686 415 744 474 sd
757 417 920 491 rationem
934 415 1023 474 siccat

96 499 201 560 affin
195 499 318 572 incra,
346 518 432 574 quae
437 499 547 574 cuique
567 518 682 575 propris
703 501 789 574 ιιιιιι,
821 501 859 572 ad
891 501 1021 560 ordinet}

97 587 181 644 iuxta
202 579 356 662 vestigium
387 583 575 660 theologiae,
597 596 665 642 tome
685 543 812 659 prateolo
831 597 1020 662 poetaram-a

97 679 128 729 te
148 669 248 744 pairlle
268 681 334 730 aute
361 681 556 729 accusatorum
583 669 714 728 laudator
728 667 812 744 stis,
834 679 941 746 utpote
969 672 1020 746 qul

97 751 168 813 aare
183 753 373 832 dane-terque
384 754 519 814 laudibus
529 753 700 814 celebrarint
711 756 899 814 divinitatem.
931 754 1020 835 Quod

97 837 267 915 singulas
295 841 463 917 allegoriae
481 849 531 898 aut
558 841 766 906 sententiarum
794 859 853 896 non
875 841 1020 917 admittas,

96 925 198 984 eadum
212 925 342 1000 ‘patieris
357 943 424 982 cum
444 925 560 1000 prieris,
581 925 632 1002 qni
654 927 690 982 ob
712 923 1020 1001 imperaturus-:Apel-
1057 919 1064 924 ’

96 1007 134 1067 lis
156 1009 414 1098 praetermittentes
444 1013 569 1084 picturas
589 1012 753 1090 genuinas,
787 1007 945 1069 adhaerent
960 1012 1022 1084 eis„

96 1107 172 1169 quae
192 1097 224 1154 lu
241 1093 403 1154 nummulo
425 1112 581 1169 expressae
601 1105 686 1169 sunt,
707 1091 899 1176 imaginibus:
927 1095 1020 1155 admi·

95 1189 193 1238 rantes
220 1181 305 1254 qrrod
329 1191 373 1238 est
402 1179 578 1256 ridiculum,
606 1190 636 1239 at
664 1181 743 1256 qued
770 1168 949 1256 condignum
976 1191 1020 1240 ast

96 1267 176 1326 omui
198 1267 359 1346 acceptione
381 1275 558 1340 spernentes.

183 1352 205 1420 5.
228 1355 280 1409 42.
323 1349 369 1408 At
390 1370 479 1424 quoue
501 1347 710 1440 Empedocles,
732 1318 930 1423 Parmenides,
951 1343 1018 1410 Xe·
1062 1396 1065 1405 ,

95 1420 250 1508 nophanes
264 1435 480 1510 aemulatorque
499 1429 622 1494 istorum
644 1433 747 1494 chorus
768 1455 827 1494 uon
848 1436 1018 1494 sortitisuut
1062 1435 1065 1440 ’

94 1520 227 1593 spiritum
256 1517 428 1590 Musarum,
466 1541 560 1595 quum
589 1519 767 1596 theologiam
804 1522 1016 1582 exercuerunt?
1105 1519 1113 1526 ’

94 1599 166 1662 ldeo
186 1605 310 1681 scilicet,
338 1627 355 1663 o
383 1607 429 1664 air
449 1607 582 1680 optima,
611 1607 680 1680 'quia
700 1625 759 1663 non
785 1605 902 1666 decebat
922 1603 1018 1667 homi*
1087 1630 1091 1639 ’

13 1719 16 1724 ·
93 1707 163 1746 nem
183 1689 270 1747 deum
292 1707 368 1763 esse,
388 1691 471 1763 quasi
491 1691 589 1748 omnia
609 1689 720 1764 integre
742 1691 771 1746 iu
794 1709 826 1748 ae
835 1691 1016 1767 condentem,

95 1772 147 1832 sed
168 1793 316 1832 remanere
338 1772 484 1832 hominem
506 1749 671 1848 partionem
688 1775 803 1848 generis
818 1772 948 1850 humani,
970 1775 1017 1836 cui

94 1876 175 1916 error
196 1872 224 1916 et
244 1857 406 1934 deliquium
426 1860 544 1934 cognata
566 1867 643 1916 sunt.
688 1855 848 1932 Oportebat
866 1860 1015 1934 igiturcos

93 1941 196 2002 rdtimo
227 1941 290 2000 loco
312 1945 342 2000 in
369 1943 432 2003 reri
453 1943 673 2020 investigatione
694 1953 841 2002 contentos
862 1963 945 2002 esse:
977 1943 1015 2006 ad
1092 1971 1095 1976 ·

93 2025 167 2091 illud
189 2037 304 2102 autem,
334 2027 371 2086 ad
400 2025 479 2104 quod
499 2047 557 2086 non
587 2037 668 2087 erant
688 2048 728 2088 ex
749 2038 849 2102 natura
865 2028 1015 2108 destinati,
1120 2053 1125 2062 ’

92 2112 213 2180 minime
241 2118 372 2189 satagere
402 2114 564 2188 pervenire.
607 2110 647 2172 Et
672 2113 777 2172 melius
807 2113 925 2190 quidem
952 2124 1015 2176 tum

93 2197 160 2276 sibi,
181 2208 244 2256 tum
264 2197 462 2274 philosophiae
484 2188 749 2272 consuluissent,
725 2219 750 2258 ar
764 2201 876 2258 -oruissa
897 2213 1012 2274 poe-P.
1019 2225 1057 2282 Δ
1119 2211 1123 2219 “

93 2281 142 2359 si,
172 2283 379 2358 disputationes
408 2293 458 2340 aut
487 2283 641 2358 dialogicae
675 2285 894 2358 conscriptiones
922 2289 1060 2360 secuti77
1143 2281 1150 2292 ’

92 2323 233 2442 ιιιιιιιιιιιις
263 2368 342 2448 quod
366 2369 486 2440 omnino
515 2388 638 2444 magnus
665 2365 749 2426 Plato
776 2367 882 2429 effecit.
935 2367 1019 2432 Nam·
1084 2438 1088 2442 ,

92 2447 159 2513 licet
180 2451 293 2530 deditus
314 2453 412 2528 poe'si,
434 2452 470 2510 ab
491 2471 526 2510 ea
535 2443 706 2514 deficiebat
717 2453 892 2531 plusquam
905 2453 1014 2532 vellet,

72 2535 130 2596 -ad
151 2537 302 2617 aa'sspotius
322 2538 359 2597 ad
380 2557 455 2614 qttae
476 2547 578 2596 natura
598 2539 694 2613 ipsum
715 2539 833 2598 vocabat
848 2537 1014 2617 deflectens,

91 2623 328 2706 interrogationes
351 2643 545 2699 responsaque
576 2619 719 2682 Socratica
751 2633 780 2684 et
805 2621 899 2682 adhuc
929 2634 1014 2684 retu·
1038 2645 1042 2654 ⁴

92 2707 209 2766 stiorcm
237 2707 461 2786 Pythagoricum
492 2709 661 2784 sapientiam
682 2711 713 2766 iu
735 2710 795 2767 suis
817 2709 940 2786 dialogis
961 2709 1013 2770 de·
1098 2735 1101 2738 ·

92 2793 222 2870 scripsi53
250 2815 324 2868 qrtae
345 2795 505 2864 venustatis
525 2793 608 2853 titulo
639 2804 688 2853 aut
710 2794 885 2858 sublimitate
905 2815 1014 2854 sermo-

91 2877 138 2934 nis
158 2878 277 2938 naiuime
297 2879 403 2954 distant
423 2898 441 2938 a
462 2881 572 2952 poetica
593 2881 752 2939 maiestate
795 2876 859 2938 Imo
886 2877 1034 2955 increpat„

91 2962 179 3020 etiam
200 2959 281 3033 illos,
304 2965 354 3038 qui
374 2984 465 3040 quum
487 2983 544 3022 non
566 2965 623 3022 siat
643 2973 745 3022 natura
766 2963 803 3022 ad
823 2967 923 3038 poesin
944 2967 1014 3042 apti,
1036 2988 1038 2991 ’

90 3047 216 3130 poetice
223 3005 346 3105 scrihaut
368 3047 499 3124 aliquid,
510 3044 670 3125 diceret).
1049 3093 1059 3106 ,

178 3135 201 3204 5.
224 3136 276 3190 ts.
321 3129 450 3212 „eri'
427 3151 489 3190 stne
510 3132 606 3190 furore
624 3129 799 3207 Musarum,
824 3131 868 3192 d'd
889 3136 1013 3209 poeticas
1095 3165 1099 3170 ·

90 3215 168 3278 t'ores
190 3214 315 3314 accedit,
337 3231 509 3294 persuasus,
530 3217 613 3292 quasi
634 3209 704 3278 vero
725 3237 765 3278 ex
786 3227 846 3279 arte
867 3217 1012 3280 suffisicn·
1164 3221 1169 3228 ’

91 3344 299 3366 ...μω-*ωυ-

54 3411 62 3419 ·
158 3453 162 3456 ,
158 3399 185 3468 )
202 3403 318 3458 rusca.
336 3405 409 3457 rur.
427 3419 456 3468 ι.
456 3351 536 3459 ιιι.
554 3405 599 3456 ιι.
615 3403 654 3455 ιι.
673 3403 767 3466 seps.
829 3468 835 3476 s
