2418 3812
164 134 1086 281 aaaapininnoulns'ruuaanuuvuaosnioa.

960 320 967 344 l

165 355 251 414 tionis
263 365 307 414 est
323 351 449 415 Cetheus
464 347 516 432 qr'ri
536 375 672 416 excessus
687 357 909 430 interpretatur,
930 357 1011 417 cuius
1024 376 1087 424 me·

164 441 218 498 rita
237 438 387 514 sectando,
416 442 532 500 nomiae
551 437 656 500 scilicet
674 450 834 499 tantum‘et
850 459 943 500 vanae
964 441 1086 518 gloriae,

164 523 252 600 digno
264 523 406 582 domicilio
421 523 542 584 habetur
557 526 723 604 bestiarum.
766 521 864 584 Hevet
876 527 954 584 euim
966 539 1086 600 serpens

164 609 405 682 interpretantur,
438 610 571 668 excelsus
586 619 671 685 atque
690 611 794 668 mentis
811 605 937 670 (letheus
954 620 983 669 et
998 610 1085 670 tesn-

164 710 247 756 arum
265 695 365 763 merita
380 692 491 770 figurae
509 705 577 753 saint
592 693 738 769 ferarium,
760 693 864 774 quibus
879 696 934 752 cari
959 705 1026 753 sunt
1040 695 1085 752 fa²

163 775 237 835 muli
251 777 414 836 iracundiae
429 788 458 837 et
472 781 729 860 conmipiscentiae,
752 775 823 840 adeo
835 781 981 852 aptissime
995 781 1085 854 inter·
1129 772 1143 832 j

94 898 96 909 ·
163 871 311 936 pretentur
324 863 398 921 imas
420 873 505 938 atque
523 864 673 922 inferiores
698 865 813 921 smtitus
830 865 1119 938 coucupiscentiae3¹
1199 869 1200 928 l

162 947 306 1022 regiones.
349 943 484 1006 Alterius
501 959 597 1006 autem
617 949 718 1006 taxaris
731 949 894 1022 nominatae
910 946 1084 1024 paterElom

163 1032 260 1095 arietis
276 1041 322 1091 est
339 1033 479 1108 impetus,
498 1053 552 1108 pro
570 1033 693 1108 auspitio
712 1031 818 1092 suriae
898 1090 900 1098 ,

112 1237 119 1248 ,
163 1177 316 1326 (bssleiboec
340 1161 439 1326 (ὶῖαή
468 1139 1081 1294 basipassdiciioorneadmlsaucet
1155 1157 1160 1182 Ι

316 1289 351 1326 ae

161 1413 170 1418 -
247 1365 315 1430 Non
329 1369 428 1442 utique
443 1387 482 1426 ex
499 1387 657 1440 consensu,
680 1387 733 1426 uec
754 1367 832 1427 enim
843 1371 987 1432 consonat
1006 1389 1079 1444 pon-

97 1515 102 1521 ,
161 1429 216 1514 dus
228 1452 339 1530 figurae
357 1461 386 1512 et
398 1454 648 1527 concupiscentiae
662 1453 754 1510 autori
772 1453 887 1512 mentis.
904 1508 906 1511 ,
930 1449 1079 1513 Verunta-

160 1557 228 1598 men
245 1539 398 1618 corrsistere
414 1548 552 1596 conantur
569 1539 660 1614 litigia
673 1537 811 1598 adversus
822 1536 962 1597 bonorum
980 1549 1079 1612 perse·

159 1625 338 1696 versutiam,
368 1643 442 1698 quae
458 1633 501 1684 est
516 1619 664 1694 Rebecca,
686 1632 715 1682 et
731 1621 858 1680 turbelas
875 1631 904 1680 et
923 1623 1078 1682 cententio·

158 1728 212 1768 nes
227 1715 388 1785 opponant,
410 1709 531 1768 seientes
543 1707 660 1767 illorum
673 1709 802 1784 regimen
818 1715 901 1766 anam
910 1725 979 1774 esse
993 1707 1077 1766 dissi·

158 1795 313 1868 petionem.
399 1867 401 1874 A

1041 1878 1073 1931 P.
1080 1877 1119 1930 A.

50 1951 53 1962 “
153 1940 263 2027 Ι(196.)
310 1887 393 2028 Quid
410 1958 461 2005 est.
514 1945 673 2026 Postquam
692 1946 801 2003 senuit
808 1941 895 2004 Ismao
915 1941 1113 2022 caligasset)
1199 2023 1200 2032 ἶ

199 2043 266 2088 sinn
287 2029 364 2088 oculi
383 2032 465 2108 eius?

242 2126 296 2188 Ad
314 2129 471 2189 videndum
487 2131 639 2188 oratoriam
654 2129 764 2204 partem
784 2119 983 2190 examinantes
998 2147 1076 2192 asse

156 2223 224 2274 runt
239 2233 290 2289 pro
305 2215 429 2289 quadam
445 2215 566 2274 utilitate
579 2207 744 2289 provectum
762 2215 859 2274 oculos
874 2213 1009 2274 habuisse
1026 2217 1076 2273 in-

106 2297 112 2306 “
156 2297 273 2374 firmos,
296 2292 460 2374 postmodo
477 2301 555 2358 enim
567 2309 684 2358 sanatus
698 2302 787 2358 aciem
804 2299 903 2358 habuit
920 2301 1074 2360 luminum.

155 2379 196 2442 Et
212 2385 329 2460 contigit
352 2385 478 2457 utiliter,
506 2404 544 2444 ne
565 2384 771 2443 benedictionis
788 2385 924 2460 indignus
946 2383 1075 2461 accipiat,

155 2467 298 2543 siquidem
323 2469 473 2528 verisimili
490 2470 605 2527 'ratione
623 2468 777 2528 disserunt.
819 2465 887 2528 Non
907 2477 1003 2543 tamen
1020 2464 1076 2528 hac

155 2571 248 2627 usque
269 2552 423 2626 scripturae
447 2551 533 2612 decus
556 2552 709 2626 delinitur,
739 2552 790 2612 sed
814 2551 961 2612 altioribus
982 2551 1075 2612 titulis
1104 2593 1111 2600 -

154 2636 323 2712 allegoriam
339 2637 449 2695 cautius
467 2638 595 2696 extendi.
640 2631 773 2712 Cortgrue
795 2637 874 2694 euim
892 2636 999 2694 dictum
1018 2647 1073 2714 est,

128 2771 131 2776 ,
154 2739 214 2780 uon
235 2721 303 2796 quia
322 2723 417 2780 senuit
433 2721 545 2798 caligati
562 2729 629 2781 saint
647 2721 721 2780 oculi
743 2721 826 2795 eius,
848 2719 900 2779 sed
921 2729 1074 2795 postquam

154 2806 293 2866 senectuti
315 2806 458 2878 muravit,
490 2807 608 2880 coplas
628 2807 722 2864 senuit
745 2807 829 2863 emate
847 2805 982 2880 corpus!
1003 2802 1074 2864 Post

103 2949 109 2960 ,
153 2899 329 2950 senectutem
352 2910 439 2966 ergo,
468 2887 523 2949 hoc
542 2901 602 2963 est,
637 2910 702 2947 cum
727 2889 882 2948 decidendo
909 2891 1074 2951 mutaverit.

126 3028 127 3038 ,
154 2971 238 3033 Tunc
258 2977 336 3033 enim
350 2973 395 3033 dei
412 2974 521 3038 feratur
537 2977 633 3033 anima
646 2973 772 3033 sensibili
784 2974 903 3039 obscatae
919 2973 1073 3052 cernendo,
1126 3029 1128 3033 .
1199 2991 1200 2994 ’

9 3131 10 3138 ¹
59 3095 64 3100 -
151 3057 345 3134 intelligibilia
367 3079 437 3118 vero
461 3061 622 3118 acutissime
639 3059 787 3134 ‘ictuatum
818 3061 845 3118 si
868 3069 964 3118 tamen
986 3059 1073 3119 etiam

151 3140 207 3202 hoc
225 3142 336 3202 edicere
356 3143 503 3218 proprium
527 3155 580 3202 est.
629 3141 774 3202 Detentus
799 3144 877 3203 euim
897 3143 934 3202 ad
948 3141 1072 3218 proplie-

152 3225 292 3300 tandum,
314 3247 372 3284 non
387 3229 448 3286 suis
463 3229 554 3286 utitur·
567 3227 714 3303 consiliis,
735 3226 787 3287 sed
806 3227 903 3286 divitus
915 3228 1016 3302 spiritu
1037 3244 1068 3293 Ρ.
1075 3245 1114 3296 A.
1199 3299 1200 3304 ἵ

152 3311 279 3375 subsanet
292 3313 445 3390 praesagit.
494 3310 534 3373 Et
549 3309 688 3388 propheta
706 3311 822 3387 qrddem
838 3331 891 3387 pro
909 3329 1028 3388 organo)
1047 3315 1111 3380 ⁴00
