2406 3822
106 205 221 270 omn.
231 198 318 304 ino.
329 144 673 290 avensauens.
684 201 724 268 n.
735 201 794 267 iv.
808 203 834 288 q.
846 213 898 270 rs.
911 212 962 269 oo.
983 203 1027 271 81

103 367 196 438 tatetn
217 377 368 452 superbiae
383 377 509 438 nesciam
529 397 616 451 opere
641 377 705 452 ipso
724 375 891 452 praedicens
910 377 1026 440 tatem

103 459 170 524 Nos
191 472 288 522 autem
310 464 501 538 precafionem
522 463 603 538 eius,
635 461 775 523 adiunctis
794 461 916 538 pulvere
937 473 966 522 et
986 465 1026 523 ci·

102 567 195 622 nere,
227 545 356 605 nobilem
376 566 410 604 ac
429 547 584 623 gloriosam
604 545 776 620 reddamus,
807 547 958 622 pidverem
979 567 1025 608 sa·

101 651 186 690 eruin
216 651 249 689 ac
279 631 405 690 cinerem
432 641 593 691 asserentes
624 649 687 690 esse
707 642 741 692 ut
761 651 906 692 sacrorum
926 653 1026 694 conss·

101 727 305 792 oratorumque
335 715 576 776 holocaustorum.
626 713 791 794 Utrumque
811 738 882 776 vero
901 719 1023 780 istorum

66 797 70 804 ’
100 800 273 877 symbolum
311 809 363 870 est¹
380 801 509 860 ammae:
542 803 618 860 bona
647 803 726 860 enim
760 821 794 860 ac
825 802 929 862 fertilis
957 807 1024 876 (est)

98 885 200 960 psaltis
221 896 332 961 terrae,
362 881 502 962 quoniam
528 887 664 961 sapientis
694 887 808 944 animus
827 887 958 948 frtictifer
978 899 1023 950 est

6 999 7 1048 3
99 969 167 1040 (vel
196 969 332 1044 sapientis
360 981 489 1029 mentem
509 970 681 1041 fructificat).
732 967 813 1029 (linis
833 983 930 1032 autem
950 971 1022 1034 alte·

6 1051 7 1126 Ῐ
98 1073 169 1114 rum
197 1055 265 1124 (erit
289 1053 489 1131 symbolum),
519 1057 589 1130 quia
614 1053 756 1131 quidquid
781 1055 967 1130 reliquiarum
987 1067 1066 1122 m.

6 1141 7 1216 l
98 1137 226 1198 anomale
235 1140 424 1198 commixtum
434 1149 505 1212 erat,
526 1161 579 1216 per
592 1139 689 1217 legem
702 1139 814 1214 pietatis
828 1141 988 1218 subactum,
1000 1142 1062 1206 268

6 1219 7 1244 ³
98 1223 309 1294 examinatum,
331 1243 365 1281 ac
383 1224 534 1299 probatum
554 1226 630 1302 fuit,
658 1225 701 1282 ud
722 1245 774 1300 per
799 1226 898 1302 ignem
919 1219 1022 1288 auraln't

6 1341 7 1352 κ
97 1318 128 1368 et
148 1310 182 1367 in
202 1305 313 1372 intimis
333 1309 685 1386 orationibuspermansit
704 1309 831 1385 probitas
851 1311 925 1372 eius.
1042 1343 1045 1351 =

100 1457 188 1548 (laid
217 1475 280 1522 estc
315 1460 405 1524 Abiit
430 1461 581 1538 domium,
606 1475 764 1544 postquam
793 1466 911 1524 emetri!
941 1462 1022 1544 loqui

138 1543 407 1624 oumAbrabeau5
436 1545 1021 1611 momenmentum

138 1651 226 1692 ettam
239 1637 292 1704 Ἢ

184 1735 208 1804 l.
233 1738 286 1794 29.
328 1729 390 1816 Qui
411 1741 522 1796 creatus
541 1744 753 1814 generososque
774 1744 835 1814 est,
863 1755 923 1794 non
942 1754 1019 1797 sem·

91 1835 147 1896 per
168 1816 259 1876 deum
287 1819 319 1876 in
346 1839 379 1880 se
398 1839 500 1898 gerere
526 1821 582 1883 fuit
612 1821 736 1898 solitus,
772 1820 824 1881 sed
845 1841 936 1898 quum
957 1819 1015 1880 ali·

92 1901 236 1978 quamdiu
248 1903 392 1964 dirinatus
405 1905 505 1982 fuerit,
526 1907 632 1966 iterum
645 1907 798 1966 revertitur
814 1907 845 1964 in
855 1925 886 1965 se
900 1907 1015 1981 ipsum:

91 1985 161 2048 fieri
182 1989 262 2046 enim
283 1991 401 2068 nequit,
422 2001 456 2050 ut
476 1991 593 2066 spiritus
614 1991 644 2050 in
662 2009 747 2051 came
763 1999 930 2068 perseveret
950 2011 1016 2066 per·

89 2082 199 2148 petuo,
222 2071 304 2132 'nuflo
326 2075 531 2150 impedimento
548 2075 639 2155 pedes
668 2074 856 2152 offendente3
890 2075 942 2135 sed
962 2095 1014 2136 ne·

90 2176 174 2216 cesse
195 2167 258 2232 est,
280 2160 379 2232 purior
390 2159 441 2221 illa
458 2159 619 2234 intellectus
638 2159 795 2220 identidem
809 2161 923 2223 mortali
939 2179 1016 2220 com-

87 2241 248 2300 misceatur
276 2253 393 2318 propter
420 2265 493 2321 opus
522 2246 726 2305 necessarium.
777 2241 815 2306 ld
843 2247 940 2320 ipsum
961 2256 1015 2319 est,

88 2325 172 2404 qnod
201 2325 388 2388 obumbravit
407 2347 460 2404 per
480 2329 571 2390 scalas
591 2327 743 2402 caelestes,
770 2329 821 2388 ubi
840 2349 900 2388 non
920 2329 1015 2389 solum
1105 2337 1109 2346 '

87 2429 247 2486 aseensus,
286 2411 339 2472 sed
365 2415 453 2472 etiam
482 2413 635 2474 descensus
671 2411 842 2490 angelornm
869 2415 1013 2474 asseritur.

85 2493 260 2556 Descensus
282 2505 380 2556 antem
400 2518 592 2576 ascensusque
614 2499 650 2559 de
670 2495 809 2574 propheta
831 2495 932 2571 dictus,
962 2515 1014 2558 re·

85 2580 184 2640 locem
199 2583 452 2644 commutationem
466 2583 590 2644 declarat
606 2583 727 2642 consilii.
771 2578 931 2642 Consilium
943 2601 1014 2643 vero

84 2684 156 2724 cnm
184 2684 240 2724 sna
267 2670 486 2729 commutatione
517 2669 633 2728 omnino
662 2667 880 2727 similitudinem
899 2667 956 2726 fert
976 2665 1014 2726 ad

82 2749 175 2825 illos,
197 2750 250 2826 qni
266 2750 423 2812 studiosam
442 2753 551 2830 degunt
564 2744 654 2814 vitam
668 2773 722 2828 pro
744 2749 876 2811 athletica
896 2753 1011 2826 quiem

83 2855 178 2909 qnam
209 2844 303 2894 astrata
333 2839 533 2914 excogitarunt
558 2837 752 2896 instructionis
772 2837 921 2912 magistri,
951 2855 1012 2894 non
1129 2855 1132 2862 ·

83 2929 117 2978 nt
147 2938 255 2994 corpus
283 2917 455 2982 contumelia
475 2931 702 3000 prosequantur,
729 2921 780 2980 sed
801 2930 834 2980 nt
854 2929 941 2994 queat
967 2920 1011 2980 la-

81 3003 173 3064 bores
203 3005 390 3065 imminentes
416 3007 529 3068 facilium
558 3006 702 3082 sufferre,
729 3025 821 3081 quum
841 3025 901 3063 non
921 3007 1011 3066 conti·
1041 3051 1042 3056 η

81 3090 151 3148 nnis
173 3087 324 3150 laboribus
345 3089 435 3169 affligi
455 3093 645 3168 pennittatnr.
695 3087 784 3171 Quod
804 3097 833 3148 et
853 3090 884 3148 in
904 3091 1011 3150 instm·
1054 3093 1059 3102 “

80 3173 192 3234 mentis
222 3174 284 3233 suis
303 3175 413 3238 *munci
440 3185 570 3240 securata
590 3177 770 3253 nommant,
799 3193 906 3236 nervos
934 3173 1010 3236 rala-

112 3353 139 3430 fJ
160 3359 261 3410 Genu.
275 3357 320 3422 ¹8,
335 3358 383 3418 ὅθι
404 3364 409 3380 ”
488 3369 493 3374 ·
