2432 3820
27 213 31 220 ’
106 241 1035 332 aurumnemnsnnremanantem-msam

105 420 183 482 mali
198 419 335 495 etturpis
353 417 408 478 etsi
426 427 553 498 occurrat
573 417 746 498 aliquando,
777 420 880 498 attigui
899 418 1037 496 temporis

106 517 154 568 est
172 516 202 564 et
214 525 273 564 non
290 504 440 562 diuturna:
469 499 540 562 leoni
555 525 626 566 vero
639 507 723 580 quasi
737 505 909 566 immortalis
924 507 1035 582 evadit,

106 590 277 668 poenitendi
294 591 401 649 nescia.

39 799 46 820 ,
112 739 829 820 ὥινοόσαιωεαηιωῑίςνωιᾶἱίἱςὶιὶἱῐεςᾶὶτίἱ
848 745 1037 824 eriim,qaia

153 831 271 888 aeremia
289 830 352 886 siaa
371 839 437 886 erat
456 823 537 886 abac
556 831 632 902 ipsi:
653 831 866 888 ammarum
877 834 1036 904 caussa*)?

128 973 132 981 .
198 933 223 1000 §a
247 934 319 990 167.
363 925 581 1004 sapientissime
600 929 736 1006 quidem,
768 931 906 1006 quoniam
931 933 1037 992 virtute

108 1014 261 1092 praeditus
279 1033 338 1072 non
361 1013 397 1072 ob
419 1013 500 1072 alind
522 1015 678 1088 quicquam
700 1025 826 1074 amatur:
858 1018 931 1076 sicut
950 1017 1036 1078 etiam

82 1098 85 1104 ’
108 1097 250 1160 nonnulli
264 1099 408 1158 iuniorum
423 1100 704 1180 nouissimorumque
720 1101 756 1158 ab
768 1102 831 1174 ipso
840 1099 948 1178 Moyse
963 1111 1037 1160 tam·
1085 1106 1089 1114 ’

110 1205 203 1262 quam
222 1202 240 1241 a
257 1183 337 1242 fonte
354 1193 531 1260 acceptantes
555 1187 726 1242 sententiam
746 1187 861 1244 virtutis
881 1185 1038 1246 studiosam

64 1271 66 1278 ’
111 1287 283 1346 asseruere,
313 1268 408 1327 solum
422 1267 609 1326 essebonum
626 1279 743 1344 propter
757 1289 790 1329 sa
807 1270 961 1329 amandum
975 1271 1038 1345 pla·

105 1354 315 1432 ·cendumque;
361 1353 439 1428 quod
460 1365 531 1412 u'ero
552 1374 609 1436 non
635 1353 693 1412 t'ale
718 1365 779 1430 est,
815 1356 851 1414 ob
874 1356 1037 1414 utilitatem.
1066 1393 1077 1417 a

49 1482 57 1493 s
112 1439 194 1500 Dicit
209 1439 299 1514 igitur
313 1457 379 1496 cum
393 1437 598 1516 additamento,
628 1441 748 1515 aruerit,
777 1459 812 1498 eo
831 1439 910 1516 quod
923 1439 1039 1502 venatio

84 1529 90 1536 ’
114 1527 179 1584 eius
194 1524 275 1582 cibus
294 1531 354 1582 erat
370 1523 474 1597 ipsius.
516 1519 657 1584 Naturale
672 1525 805 1584 omnino:
832 1545 891 1584 non
909 1527 987 1584 euim
1003 1525 1039 1584 de

114 1619 225 1671 venatu
249 1609 317 1668 dicit
341 1607 436 1666 cibum
460 1628 543 1683 esse,
581 1609 633 1668 sed
657 1608 795 1668 demere
818 1611 1040 1685 ipsovenatum

114 1705 265 1770 tamquam
281 1693 371 1754 scae.
414 1691 550 1768 Namque
564 1695 605 1752 ita
620 1711 668 1752 res
681 1713 713 1753 se
731 1692 828 1770 habet,
850 1715 941 1768 quum
959 1695 1040 1754 nullo

115 1779 175 1838 alio
191 1779 287 1855 magis
301 1778 394 1836 alatur
412 1788 599 1854 nascaturque
615 1777 778 1854 philosophi
789 1780 921 1855 animus,
952 1799 1041 1856 quam

116 1885 209 1941 quum
227 1865 318 1938 possit
332 1865 432 1923 venari
454 1864 526 1922 vitia
543 1873 580 1946 et
601 1864 695 1922 omnis
719 1864 868 1940 pravitatis
889 1883 1041 1940 oppugna·

117 1961 164 2010 tor
181 1967 257 2009 esse.
299 2015 304 2030 ,
560 1961 571 1972 “
853 1972 858 1980 ·

1006 2033 1085 2091 M.

45 2113 47 2118 ’
133 2115 139 2122 “
208 2096 292 2184 Quid
309 2113 366 2182 este
404 2096 447 2158 Et
462 2100 583 2174 paravit
604 2096 693 2159 Iacob
708 2103 926 2176 porotrua**)?
1020 2109 1082 2173 3‘74
1126 2101 1129 2108 ²

175 2227 179 2230 ·
206 2204 229 2272 i.
249 2200 320 2262 168.
363 2197 470 2260 Risum
488 2202 717 2278 derisionemque
733 2205 790 2263 scio
807 2202 972 2265 huiusmodi
993 2223 1041 2264 res

118 2287 258 2364 praebere
275 2285 492 2360 incultisatque
509 2287 613 2364 ineptis
629 2287 774 2364 demere,
796 2309 850 2348 nec
867 2289 959 2346 ullam
977 2309 1042 2364 spe·

13 2375 14 2380 ’
119 2374 194 2430 ciem
211 2371 364 2447 ideamque
385 2373 500 2430 virtutis
521 2373 718 2448 cernentibus3
749 2375 800 2447 qui
822 2393 903 2430 suam
926 2375 1043 2446 imperi·

100 2459 190 2530 vtiam
213 2467 241 2515 et
261 2457 456 2531 insipientiam
475 2457 755 2532 imprudentiamque
778 2459 864 2516 sacris
884 2457 976 2516 literis
993 2457 1043 2514 do-

120 2543 234 2602 minicis
262 2540 423 2616 ascribunt,
467 2561 542 2617 quae
576 2544 704 2601 omnium
741 2561 838 2601 rerum
875 2543 1045 2602 verissimae

13 2637 15 2688 t
121 2637 199 2688 sunt.
250 2623 338 2686 Ratio
359 2637 457 2686 autem
482 2647 518 2685 ea
545 2637 605 2704 est,
643 2626 722 2701 quod
750 2629 823 2687 sicut
851 2629 926 2686 caeci
954 2647 1045 2701 quum

121 2723 242 2788 tangere
261 2721 375 2770 tantum
395 2713 489 2772 solent
510 2721 539 2770 et
559 2721 634 2770 tactu
657 2711 764 2770 adeunt
784 2731 902 2786 corpora
923 2731 976 2770 nec
999 2731 1045 2776 co·¹

13 2827 15 2838 =
121 2797 215 2856 lorem
244 2815 297 2854 nec
323 2795 449 2873 figuram
477 2815 531 2856 nec
560 2797 682 2855 forrnam
709 2817 804 2871 neque
832 2797 890 2855 alia
917 2796 1046 2871 qualitati

121 2883 238 2958 propria
261 2883 536 2957 assequi‘possunt3
577 2882 708 2940 similiter
728 2882 869 2956 imperiti,
899 2881 1045 2955 ineruditi,

122 2967 231 3026 indocti
251 2966 343 3025 'oculis
364 2968 477 3025 animae
504 2967 640 3026 occaecati
666 2965 716 3026 vel
741 2968 929 3026 caecutientes
961 2985 1046 3040 supra

122 3051 234 3112 litteras
259 3059 371 3110 tantum
397 3043 542 3126 insidflnt,
583 3052 776 3126 impingentes
802 3049 1048 3127 adhaerentesque
1123 3125 1127 3128 .

124 3137 195 3197 solis
216 3137 382 3196 nominibus
402 3145 432 3196 et
451 3135 548 3196 verbis
568 3135 703 3211 prolatis3
741 3137 820 3197 intus
840 3156 911 3196 vero
937 3137 1048 3212 perspi·

123 3241 189 3282 cere
210 3233 361 3296 nequeunt
380 3219 418 3281 ad
437 3220 575 3280 intuendo
595 3219 797 3298 intelligibilia.
840 3219 937 3282 Habet
952 3231 1048 3281 autem

122 3353 334 3370 ffl-

137 3411 145 3416 '
177 3421 204 3482 ’)
222 3421 376 3484 senonas,
392 3419 437 3473 aa.
505 3419 542 3480 *u
559 3421 630 3473 rora.
648 3421 728 3472 aas.
