2418 3812
14 253 16 258 ,
92 145 1018 272 amuruuuussssmemmarrici-musta

93 348 153 412 boo
168 353 300 429 germina
316 351 436 414 studiosi
453 353 510 412 viri
531 352 654 414 merui
673 363 816 432 oporteta
833 357 1016 434 mortalitate,

14 449 16 470 ⁵
93 437 225 498 liliorum
248 439 326 497 emm
342 428 415 498 alter
434 437 582 514 coelestis,
609 437 682 498 alter
700 449 842 502 terrenus.

15 637 16 640 ’
94 617 139 705 (l,
159 625 245 696 165.)
287 622 392 710 Qum
409 621 494 687 Esne
511 637 631 690 maior
645 638 673 685 st
691 623 819 700 naulis,
841 623 931 686 Iacob
950 647 1017 690 vara

137 704 281 786 simplex,
297 731 356 786 per·
375 712 569 784 innoceutirm
590 706 726 770 mmet
750 707 889 772 domum?
1107 729 1110 736 ⁴

183 825 282 888 Locrus
298 826 453 904 allegoriae
467 845 562 902 capax
580 838 633 889 est.
677 825 790 888 Pravus
815 831 893 889 enim
917 840 947 890 et
971 851 1018 890 ca·

79 921 207 989 ptator,
237 923 267 972 et
277 913 417 972 'rusticus
460 908 542 971 Sicut
557 913 635 972 euim
654 914 825 972 venantibus
842 915 1018 978 consuetude

95 1007 159 1073 est,
188 997 308 1056 canibus
320 1007 350 1056 et
366 997 466 1056 bestiis
482 998 662 1071 conversari,
692 999 731 1056 ita
749 1017 857 1072 pravum
867 1000 938 1058 vitio
954 1019 1018 1058 ma·

96 1083 224 1141 litiarum
251 1082 321 1141 seris
340 1081 531 1154 assimilatur,
559 1083 622 1140 sinc
640 1081 758 1140 lenitate
776 1091 805 1142 et
832 1085 1018 1158 temperantia

95 1177 225 1226 mentem
240 1165 377 1242 regendo.
423 1163 516 1226 Etiam
531 1165 648 1241 canibus
663 1177 852 1240 comparatur,
872 1167 924 1242 qui
935 1169 1016 1233 in-r.
1025 1180 1062 1233 Δ.

57 1254 62 1262 “
96 1263 141 1312 sto
172 1249 240 1326 plus
269 1251 362 1310 satiati
387 1250 425 1310 ad
445 1249 554 1310 rabiem
582 1260 611 1308 et
639 1251 767 1308 furorem
796 1263 960 1326 erumpunt.
998 1253 1060 1314 372

84 1333 252 1394 -l’raeteren
264 1335 369 1394 ruralis
387 1354 475 1406 exors
488 1335 630 1406 civitatis,
652 1345 685 1396 ut
699 1335 800 1412 refuga
818 1334 918 1412 legum
932 1346 1019 1411 atque
1051 1383 1054 1390 ,

97 1424 207 1496 (marg.
228 1429 257 1480 et
273 1415 397 1499 aequae)
415 1419 613 1496 popularitatis
627 1419 758 1494 ebenus,
778 1421 879 1496 iugum
896 1421 1021 1482 iustitiae

97 1503 313 1578 uitandouullo
334 1505 577 1580 sequiturobono,
598 1503 826 1564 mansuetudinis
851 1516 880 1564 et
901 1505 1022 1567 benivo-

98 1589 205 1650 lentiae
224 1589 373 1664 iuimicus,
406 1589 511 1664 quibus
531 1589 663 1648 fortunae
687 1586 839 1648 homiuum
867 1591 1021 1650 consistere

97 1674 244 1734 videntur.
301 1670 437 1732 Urbanus
461 1681 558 1734 autem
582 1674 614 1730 in
640 1683 763 1746 utroque
789 1673 869 1750 viget
892 1676 955 1734 sine
983 1674 1021 1736 ll·

13 1781 17 1792 ⁵
99 1759 194 1820 cfione
219 1757 336 1834 domum
355 1755 508 1816 habitando
519 1800 529 1830 ,
555 1755 686 1818 infictum
708 1758 797 1832 igitur
824 1757 951 1818 insinuat
968 1779 1021 1834 pro
1134 1757 1139 1764 ⁸

98 1843 298 1918 simplicitate,
326 1843 389 1902 sine
409 1841 574 1918 blanditiis,
595 1843 657 1902 sine
678 1841 807 1916 insidiis,
839 1843 902 1902 siue
924 1841 1021 1904 illeca-

97 1927 179 2002 bris,
208 1947 284 2002 qnae
307 1937 375 1986 snut
399 1927 552 1986 atrocitatis
570 1925 713 1985 fomenta:
743 1927 781 1983 ita
806 1925 939 1987 ruralitas
963 1927 1021 1988 dis·

97 2013 173 2088 sipat
200 2021 311 2074 statum
336 2009 539 2086 domesticum,
571 2011 622 2068 ubi
641 2007 846 2084 paterfamilias
873 2011 1021 2088 dispensa·

49 2145 53 2156 .
97 2097 184 2172 bilis,
206 2106 239 2155 ut
256 2095 334 2156 cirili
354 2097 420 2156 albo
446 2095 619 2174 conscriptus
637 2105 666 2153 et
688 2093 902 2174 disciplinarum
920 2097 1021 2172 proxi·

97 2201 165 2242 mus
183 2181 343 2254 abest‚'ac
359 2201 412 2256 per
433 2178 487 2238 boc
510 2191 569 2238 uon
588 2179 715 2252 fallitur,
744 2181 794 2254 quui
823 2181 958 2256 intelligit
974 2201 1021 2242 re·

96 2269 197 2344 gimen
223 2263 367 2324 civilitatis
395 2263 567 2324 familiarem
597 2283 661 2322 esse
687 2261 945 2340 dispensationem,
980 2267 1021 2326 ita

97 2352 177 2414 enim
198 2349 481 2426 statusdomesticus
508 2345 619 2409 stabilis
634 2345 766 2408 habetur.
1084 2351 1089 2358 '

97 2513 634 2680 <mutantes
657 2506 796 2578 m,
817 2509 919 2592 m,
956 2493 1019 2576 ἡ

183 2721 262 2803 Quis
275 2741 334 2782 uon
350 2723 470 2782 miretur
486 2721 636 2780 nominum
656 2719 844 2794 positionem,
866 2727 925 2778 tarn
942 2729 1019 2778 recte
1055 2723 1060 2730 “

97 2817 127 2868 et
140 2809 287 2882 aptissime
299 2807 386 2866 rebus
395 2807 619 2866 consonantem?
638 2801 769 2862 Dicendo
778 2805 857 2861 enim
864 2801 979 2874 dilexit,
985 2817 1017 2866 ι».
1022 2823 1059 2874 Α,
1113 2809 1117 2817 “

97 2902 272 2953 transactum
286 2893 412 2950 insinuat
426 2901 556 2964 tempusa
584 2887 664 2964 quoal
679 2907 750 2948 vero
761 2885 894 2962 diligitur
904 2885 986 2946 adest
997 2894 1058 2954 373

97 2979 235 3052 utrique,
266 2985 295 3036 at
317 2977 537 3050 sempiternatur
553 2975 616 3033 sine
632 2971 692 3032 line
708 2971 890 3045 delectionis,
919 2970 1018 3032 atfar-

97 3064 173 3123 sitan
192 3080 282 3136 prave
298 3059 476 3120 conversatis
499 3059 566 3117 licet
587 3055 734 3128 floreant,
761 3053 948 3132 temporalis,
969 3066 1018 3116 nt·

96 3155 166 3224 pute
182 3146 297 3228 burna,
318 3163 377 3204 non
390 3144 524 3204 diuturna
536 3153 590 3201 cst.
627 3137 740 3215 Respui
755 3133 865 3220 (murg-
877 3138 1019 3224 reprobi.)

96 3250 168 3293 sero
189 3249 286 3290 mores
305 3228 483 3290 immortales
507 3225 740 3304 impoenitibilem

130 3329 481 3382 mmmm·
718 3304 819 3368 ⁴·T
