2406 3822
137 239 141 246 -
161 196 208 266 lo
226 197 434 272 stimmo.
451 194 1084 282 QUAEST.1NGEN.1JB;111.-pas.

162 367 314 444 Proprium
329 379 437 446 autern,
458 368 629 428 familiarem
644 389 677 429 ac
694 369 854 428 naturalem
871 377 981 444 patrem
995 367 1098 432 verbi¹
1142 437 1146 444 ἱ

129 475 133 483 ·
163 455 419 530 prolati-mentem
447 475 510 513 esse
541 465 638 529 patet,
670 457 737 530 qnia
765 456 852 528 patri·
863 453 1010 528 proprium
1036 461 1085 510 est
1124 484 1126 488 ·
1187 459 1188 486 r

162 539 299 614 genuisse
318 549 347 597 et
358 539 488 606 ‘verbum
508 549 636 598 amente
653 541 786 598 nascitur.
830 535 887 596 Pro
901 537 1006 596 indicio
1024 537 1084 596 erit
1187 551 1188 560 ¹

162 631 249 698 corto,
277 622 354 697 quod
376 624 490 698 qnando
515 635 648 684 rnovetur
675 645 693 683 a
717 623 851 695 consiliis,
879 631 978 697 souat3
1016 622 1082 680 istis
1187 691 1188 700 χ

97 733 100 738 ·
162 717 259 768 autem
283 707 480 774 deficientibus
515 719 616 767 cessat.
680 705 794 768 Testes·
809 717 876 767 suut
901 705 1029 766 rhetores
1051 716 1083 764 et
1187 739 1188 742 =

161 789 325 866 philosophi
361 791 490 852 habitum
525 793 753 852 demonstrantes
787 810 840 867 per
872 793 989 850 obiecta.
1042 786 1083 848 In
1187 805 1188 822 ¹

162 874 302 952 qrruntum
317 879 394 935 enim
410 897 492 936 mens
509 877 585 936 loras
600 879 658 936 odit
675 879 766 952 capita
784 877 971 953 singulosque
990 893 1082 950 appa·
1181 887 1188 926 ’ὲ

106 1033 112 1039 .
157 969 241 1042 *ranas
269 963 299 1018 iu
321 981 354 1020 se
376 961 535 1020 reconditos
561 963 689 1036 producit
710 962 747 1020 ad
771 961 889 1020 modum
917 961 1080 1037 geniturae,
1187 971 1188 1012 i

162 1055 230 1104 truie
246 1055 275 1104 et
293 1047 414 1105 verbum
439 1046 533 1105 florens
557 1047 644 1106 fontis
669 1049 759 1108 instar
773 1047 866 1106 sertm
885 1047 1012 1104 inaures
1028 1041 1081 1101 ad·

121 1129 129 1152 ⁵
162 1131 298 1188 stantium
321 1131 457 1190 velutin
482 1131 676 1206 receplacula:
714 1131 829 1207 quaudo
854 1151 924 1190 vero
945 1129 1083 1188 deficient
1187 1197 1188 1206 χ

163 1215 250 1290 (illa),
281 1225 309 1274 et
330 1217 436 1290 (ipsum
455 1222 583 1291 quoque)
603 1217 679 1275 ultra
701 1237 770 1290 uon*
785 1215 875 1291 possit
897 1233 961 1274 sese
982 1213 1080 1286 edero,
1187 1211 1188 1282 J

162 1299 282 1376 quiescit
298 1310 446 1375 cessatque
464 1302 551 1359 etiam
568 1302 678 1360 sonitus
692 1310 724 1360 ut
741 1321 758 1358 a
773 1301 855 1359 nullo
873 1317 1035 1375 percussus.
1163 1361 1165 1364 ,
1187 1351 1188 1356 ,

247 1381 334 1443 Nunc
352 1405 421 1462 ergo
440 1406 511 1444 nmn
527 1387 622 1462 vobis,
645 1386 757 1460 o'pleni
772 1387 919 1459 saturique
932 1382 1080 1458 superflua
1187 1395 1188 1464 ᾗ

50 1476 55 1481 “
161 1467 349 1544 loquacitate,
376 1472 460 1528 vacari
483 1473 664 1546 asapiencia
678 1467 828 1546 homiues,
854 1469 1007 1528 videturne
1028 1467 1080 1526 do·
1106 1489 1113 1508 ·

161 1573 233 1611 num
253 1555 325 1612 meri
344 1556 429 1613 unius
447 1554 582 1615 elementi
600 1555 701 1629 luisse,
722 1575 791 1630 quo,
812 1553 956 1633 mediante
972 1553 1078 1628 littera,

163 1638 277 1698 dunas
295 1639 409 1698 rirtruis
425 1643 580 1714 sapientiae
595 1641 701 1716 dignus
720 1649 764 1699 est
781 1633 901 1698 effectus
918 1639 1078 1714 (sapiendi

162 1743 221 1800 qua
241 1723 346 1784 melius
365 1723 439 1795 nihil
457 1735 502 1784 est
521 1727 551 1783 in
572 1734 669 1784 nostre
691 1733 810 1784 natura:
850 1725 919 1800 quie
937 1743 990 1800 pro
1011 1721 1079 1782 sub-

103 1806 109 1818 '
162 1807 226 1867 ttmt
253 1809 413 1868 eruditione
439 1813 651 1882 (astronomiae)
682 1811 821 1870 concessit
841 1809 1076 1882 intellectionem,
1100 1831 1102 1833 ·

162 1901 256 1952 toturn
280 1893 414 1952 uidelicet
439 1904 468 1953 et
494 1895 613 1970 plenum
633 1895 742 1953 bouum
764 1916 817 1970 pro
841 1895 949 1970 exigua
974 1901 1077 1967 parte'3

163 1978 299 2052 apronium
328 1979 359 2036 in
391 1981 530 2054 sapientia
557 1979 735 2038 concluditur
760 1997 950 2052 supernarum
980 1995 1078 2036 rerum

163 2062 302 2135 eruditio,
330 2063 403 2123 sicut
420 2065 451 2122 in
474 2057 535 2124 toto
552 2085 637 2140 pars3
667 2083 734 2139 pars
754 2065 832 2122 enim
857 2072 900 2122 est
920 2059 1084 2120 mathema·
1112 2107 1116 2112 .
1187 2099 1188 2106 κ

163 2149 226 2206 tice.
251 2143 391 2206 xVerum
417 2150 496 2210 enim
519 2169 588 2209 vero
611 2158 721 2224 oportet
737 2167 807 2222 ros,
837 2165 855 2206 o
879 2145 1022 2221 homines,
1043 2160 1074 2210 1⁹.
1082 2157 1116 2218 Α.
1187 2171 1188 2178 ¹

162 2231 236 2291 illud
246 2253 361 2306 quoque
369 2236 505 2310 cogitare,
521 2247 591 2292 ‘erum
610 2235 660 2309 qui
672 2233 800 2292 eruditus
815 2233 853 2292 sit
870 2233 1037 2308 peritusque
1058 2232 1118 2289 215

51 2315 56 2319 ’
134 2363 139 2376 s
163 2316 200 2375 ad
216 2317 417 2390 inquirendam
430 2329 562 2378 naturam
578 2319 766 2394 superiorem,
787 2337 873 2393 posse
886 2337 976 2392 prauo
993 2324 1077 2390 atquo

103 2454 106 2458 .
162 2402 292 2476 improbo
312 2421 376 2462 esse
395 2423 492 2480 more3
521 2414 550 2462 at
565 2407 679 2479 sapiens
699 2405 816 2462 onmino
834 2404 970 2478 probatus
989 2409 1032 2460 est
1047 2409 1089 2458 utv

107 2557 109 2562 Ι
161 2486 266 2546 bonus.
308 2485 390 2547 Num
407 2508 475 2564 argo
495 2487 588 2546 adlrnc
603 2489 774 2548 irrideamus
792 2487 911 2560 doulam,
931 2505 990 2561 quo
1006 2481 1078 2542 nihil

28 2571 33 2578 ’
162 2571 242 2631 eliud
258 2572 411 2648 perfectius
426 2575 544 2648 reperiri
562 2575 673 2648 possiti
704 2572 775 2647 quid
790 2573 868 2630 euim
887 2571 996 2630 malitia
1019 2578 1077 2628 tur·

163 2657 229 2732 pius
245 2667 295 2715 aut
310 2658 416 2718 vimine
428 2657 553 2717 meliors?
583 2655 735 2733 Numquid
749 2657 956 2717 inveniaturet
971 2655 1077 2714 bouum
1117 2705 1122 2712 .
1187 2647 1188 2666 ¹

163 2741 282 2801 minimo
309 2745 471 2816 oppositum
494 2741 594 2802 maloi
631 2740 692 2802 Vel
714 2733 954 2820 comparationem
971 2759 1009 2798 ne
1026 2735 1076 2796 hu·

162 2827 229 2886 beat
245 2825 283 2886 ad
299 2824 424 2904 divitias,
446 2825 580 2902 honores,
600 2827 774 2904 libertatem,
795 2829 956 2900 sanitatem,
979 2823 1027 2884 vel
1042 2821 1099 2882 ed*

162 2909 300 2986 quicquid
320 2910 416 2988 aliud,
437 2914 509 2972 circa
535 2931 639 2988 corpus
663 2922 805 2989 etentes,
831 2911 1020 2988 possessionis
1034 2928 1076 2969 re·

163 2995 318 3056 drmdans?
346 2995 424 3056 Nam
448 3000 583 3058 universa
599 2996 779 3074 philosophia
798 2997 914 3056 accessit
930 2997 1009 3057 vitae
1027 3013 1077 3054 no·
1187 2995 1188 3004 ’

163 3091 242 3144 εῑηο,
261 3089 409 3156 tamquam
430 3083 585 3159 collegium
605 3083 750 3157 quoddam
771 3082 930 3142 medicinae
956 3081 1076 3154 ammae,

163 3172 196 3224 ut
215 3164 295 3222 illinc
317 3165 366 3224 det
381 3165 527 3242 apathiam
551 3169 820 3241 immturitatemque
835 3187 859 3238 e
880 3166 995 3225 inorbo:
1029 3181 1076 3238 go·

162 3267 298 3308 aerosum
312 3261 409 3312 autem
427 3251 553 3327 prolecto
574 3262 618 3310 est
634 3250 837 3326 philosophron
856 3269 932 3326 osae,
960 3258 990 3308 et
1007 3249 1075 3306 mira

158 3353 211 3403 ,ars
233 3334 340 3398 nobilia
362 3337 515 3416 veracium
548 3336 707 3398 mirabilior
728 3345 772 3398 est
798 3345 828 3396 et
851 3333 936 3407 linis,
965 3340 1076 3412 propter
1141 3357 1147 3364 ·
