2406 3822
114 149 576 251 amulunnunnsujm
589 156 983 248 asiniuus-³7.
1003 163 1049 236 as

115 330 290 391 utilitatem.
333 329 365 390 le
387 347 457 407 ergo
471 333 522 406 qud
537 331 667 392 nondum
686 333 813 408 pmiacte
832 345 973 412 purgatus
990 347 1047 414 est,
1144 378 1148 384 ,

115 413 198 475 nihil
226 413 315 474 habet
343 417 374 474 in
407 417 515 475 occulto
536 422 582 488 <ut
602 419 813 496 subducatis),
845 421 896 480 sed
918 421 997 496 quod
1017 423 1049 482 in

114 505 278 576 conspectu
308 507 353 559 est
374 501 547 578 multorum,
578 506 715 578 quornmu
742 506 975 564 communitatem
996 525 1049 584 sg-

116 603 244 664 gressus
271 595 325 644 est.
368 581 484 643 Verum
513 588 627 662 sapiens
653 588 778 662 plurima
808 587 895 649 lrabet
924 609 1048 653 amana:

117 671 264 746 quoniam
288 689 347 728 nou
372 668 476 729 desunt
499 691 595 746 neque
617 673 648 730 ln
671 671 776 747 plantis
801 695 847 734 res
867 675 1047 752 inaequales,

118 775 201 831 quae
229 773 332 814 arcana
346 753 510 825 'divinitatis
530 756 672 832 produnt,
702 777 738 816 eo
752 757 830 833 quod
850 759 1048 835 intelligibiles

117 849 210 914 suut,
245 849 274 898 et
290 839 429 900 occultam
449 841 682 920 invisibilemque
701 843 868 918 praeierunt
886 845 1047 908 considera·

118 925 246 984 tionem.
280 977 282 982 ,

124 1074 192 1136 Gur
210 1071 383 1158 &domm
402 1075 584 1138 dromedas
605 1069 722 1140 domem
743 1079 780 1142 ob
801 1077 978 1142 odotem
997 1101 1046 1142 sto·

168 1183 227 1240 qne
247 1158 290 1219 od
307 1165 463 1236 seniorem,
484 1177 563 1224 totus
576 1163 707 1239 populus
726 1167 872 1239 sisela?

214 1265 237 1334 §.
248 1268 299 1322 ³6.
321 1255 403 1322 Haec
417 1267 513 1323 omnia
526 1265 557 1322 iu
571 1269 757 1326 corrasissent
775 1277 870 1328 reama
881 1277 910 1330 et
925 1277 1005 1328 aetas
1013 1281 1088 1339 M.

121 1357 154 1410 et
168 1347 342 1424 multitudo,
364 1369 496 1425 quaeque
511 1349 541 1407 in
552 1352 637 1410 rebus
647 1371 699 1411 nec
711 1351 891 1412 harmoniam
905 1351 1012 1412 habent
1025 1357 1087 1415 273

122 1451 224 1507 neque
246 1433 433 1494 concordiam.
477 1432 590 1492 Littera
611 1437 699 1511 igitur
719 1439 805 1495 nimis
826 1437 901 1496 clara
922 1447 983 1496 est:
1010 1435 1048 1495 ad

122 1527 255 1577 mentem
272 1537 341 1578 vero
354 1517 577 1578 {undamentum
590 1518 677 1580 habet
691 1521 797 1596 littera,
819 1524 956 1597 quoniam
972 1521 1047 1580 caeci
1123 1579 1132 1595 ‚

122 1613 158 1664 et
174 1601 287 1662 steriles
310 1623 328 1660 a
355 1605 495 1677 sapientia
521 1623 617 1663 mores
645 1607 754 1682 animi,
786 1627 859 1682 quos
884 1604 1048 1666 Sodomitas

122 1687 281 1760 vocitavit,
312 1687 528 1748 circumvadunt
549 1690 764 1750 connaturalem
779 1689 914 1765 domum,
943 1709 1048 1766 corpus
1091 1733 1100 1739 -

121 1773 266 1848 'unquam3
302 1783 388 1846 atque
415 1782 474 1830 tam
499 1774 646 1848 seniores,
677 1795 765 1848 quam
788 1775 871 1850 pueri
896 1777 926 1833 in
958 1795 1047 1834 unam

124 1855 262 1916 choream
281 1857 398 1919 adunati
413 1856 501 1916 simul
521 1867 621 1916 currant
639 1858 779 1933 aluntque
794 1859 877 1932 illud,
900 1869 1048 1934 tamquam

122 1941 282 2002 insatiabili
307 1943 436 2001 iumento
467 1953 496 2001 et
521 1942 630 2002 lascivo
660 1945 814 2002 insanienti
837 1945 983 2020 copiosum
1008 1945 1047 2002 ci·

124 2028 199 2088 bum
221 2045 287 2088 mm
309 2028 412 2087 ceteris
432 2027 627 2103 voluptatibus
646 2037 833 2104 praestantes.

129 2175 290 2269 Quidem:
311 2177 480 2242 Edawillas
495 2177 618 2256 Mons,
648 2194 682 2240 nt
701 2199 904 2258 cognoocmmu
923 2185 1046 2252 eos**)t

215 2285 239 2352 i.
261 2289 313 2344 ³7.
357 2281 469 2342 Littera
490 2273 589 2358 prodit*
597 2283 798 2360 mancipatam,
820 2284 960 2358 iniquam,
982 2291 1047 2342 tur·

124 2387 253 2443 pemque
275 2365 464 2442 palliationem
486 2365 617 2427 virilem:
645 2366 681 2426 ad
703 2377 828 2427 mentem
854 2385 946 2441 vero,
981 2366 1047 2424 libi·

124 2451 222 2512 diuosi
251 2461 281 2510 nt
306 2451 442 2512 lasciviae
466 2451 574 2524 dediti,
607 2471 744 2528 aggerem
774 2453 918 2527 erigentes
944 2469 1046 2508 concu-

124 2537 310 2622 placentiam,
331 2545 455 2596 mortem
476 2538 624 2608 minantur
648 2537 749 2596 sobriis
771 2537 964 2611 studiosisque
979 2554 1047 2592 con·
1097 2559 1100 2566 ·

125 2622 275 2681 tinentiae.
316 2617 370 2680 Ad
397 2641 470 2696 quos
492 2619 606 2680 dicunt:
637 2631 745 2680 exeant
765 2621 842 2680 foras
863 2641 903 2680 ex
924 2620 1046 2696 propriis

125 2705 323 2772 voluntatibus
348 2715 435 2780 atque
463 2725 503 2766 ex
526 2704 656 2764 modesta
678 2707 738 2766 vita
765 2716 927 2766 constanter
951 2704 1045 2780 ducta,

124 2801 159 2852 ut
188 2809 392 2868 cognoscamus
421 2807 491 2867 eos3
529 2788 756 2866 persuadeantur
783 2809 909 2864 namque
933 2799 1046 2848 mutare

125 2875 278 2935 consilium
298 2877 447 2950 proprium
470 2885 499 2934 et
517 2875 593 2934 ultro
613 2885 757 2950 acceptare
777 2884 925 2949 nostrum,
958 2891 1046 2948 opere

125 2960 284 3036 discentes,
313 2979 373 3018 non
389 2959 482 3018 nudas
501 2960 613 3018 animas
631 2960 812 3036 incorporeas
835 2980 915 3032 esse,
936 2968 970 3018 ut
989 2959 1044 3017 im·

124 3049 236 3104 munes.
254 3063 271 3103 a
291 3046 395 3104 timore
417 3045 491 3120 siut,
521 3043 573 3103 sed
598 3045 685 3104 etiam
713 3045 838 3120 corporis
854 3041 960 3104 habere
978 3063 1045 3118 par·
1123 3101 1124 3104 ,

123 3130 338 3207 depascam,
365 3129 445 3206 quod
463 3127 568 3192 multis.
584 3137 650 3206 eget
674 3129 908 3208 decussatim
930 3133 1044 3208 (quare)

173 3309 199 3371 ⁴>
218 3314 314 3365 muer.
333 3313 385 3374 ts,
408 3303 455 3370 ss
503 3300 542 3375 ὓ)
558 3312 628 3368 nia.
659 3308 689 3370 a.
706 3311 743 3365 a
775 3338 780 3346 ·

156 3395 309 3452 nanta.
330 3399 450 3478 nvn.
841 3379 873 3444 Η
