2432 3820
98 209 964 324 rmn.1un.pmusr.ucanon1v.to-to
985 241 1029 312 m

13 403 15 420 ³
97 403 162 464 vile
176 411 324 480 putatum.
367 399 525 465 Proficiente
542 423 614 464 uero
630 405 707 466 iuter
720 415 893 485 utrumque,
914 409 946 471 ae
963 431 1028 472 mo·

97 509 178 550 vena
196 487 235 547 ad
258 507 391 546 zemram
416 488 654 567 tranquillitatem
676 511 730 552 nec
749 503 847 553 tameo
873 495 976 558 volem
992 505 1063 562 m.

97 575 225 634 omnino
241 573 384 632 declinare
404 573 557 650 politicen,
584 595 681 650 neque
702 585 736 636 ot
752 577 822 637 olim
840 579 1065 644 admonitae

98 661 252 726 civitatem
273 668 422 731 tamquam
443 679 583 734 magnum
602 659 718 734 aliquod
738 662 861 736 bonnm,
893 666 944 724 aed
964 676 1028 726 tan·

97 753 166 803 tum
184 743 363 818 restringens
380 742 565 834 aviditatem,
585 743 669 804 velut
689 745 827 824 exiguam
851 767 884 806 ac
907 769 1028 824 parvam

98 830 205 903 recipit
231 825 432 902 phantasiam,
459 813 542 888 illuni
566 849 641 903 qnae
668 829 740 888 olim
764 851 921 910 permagna
943 845 1027 910 puta·

97 913 199 972 hatur.
243 909 322 970 Illud
342 921 439 972 antem
455 911 564 972 dictum
581 915 809 976 contradictionis
829 917 935 995 modo,
956 939 1025 980 een-

99 997 173 1058 dem
188 997 334 1056 civitatem
353 996 532 1056 denominari
546 1017 666 1074 parvam
685 1009 715 1058 et
734 1021 792 1060 nou
810 1022 950 1078 parvam,
978 1023 1025 1064 ra·

98 1085 214 1142 tionem
230 1080 317 1140 habet
339 1081 624 1159 valdanaturalem,
652 1105 728 1160 prae
749 1093 827 1160 potet
842 1105 882 1144 ex
901 1105 1026 1164 aequen-
1126 1150 1128 1159 ,

98 1169 181 1227 tolus
206 1185 240 1224 ac
265 1168 439 1240 praemissis.
498 1165 577 1226 Nem
597 1170 658 1226 uita
683 1170 776 1228 civilis
798 1171 844 1242 ei,
876 1173 926 1248 qoi
948 1172 1026 1248 cupit

99 1251 213 1328 populo
229 1251 423 1326 complacere,
445 1271 550 1328 magna
563 1271 633 1312 eane
646 1253 776 1329 videtur,
804 1254 964 1329 proficienti
982 1268 1025 1316 ta-

99 1357 172 1398 men
196 1339 297 1411 parva.
340 1333 438 1396 Habet
460 1357 530 1412 ergo
550 1357 686 1411 praeseus
706 1342 835 1413 quaestio
858 1337 1026 1402 huiuamodi

100 1421 336 1482 satisfactionem.
381 1417 507 1495 Triplex
526 1432 571 1481 eat
587 1425 813 1484 nominatissima
836 1423 914 1484 vitae
933 1427 1023 1504 rati03

100 1505 336 1580 contemplativa,
359 1507 522 1580 operativa,
543 1507 710 1568 condecens.
753 1507 887 1570 Maxima
903 1512 1024 1586 optima·

100 1611 162 1668 que
177 1589 471 1667 estcontemplativa3
493 1611 584 1666 parva
605 1602 634 1651 et
650 1593 824 1668 informata,
845 1595 1023 1674 condacense

100 1696 193 1753 parva
206 1685 236 1735 et
255 1695 314 1734 non
334 1695 424 1748 parva
438 1675 533 1734 merlin
552 1675 595 1748 (h.
619 1697 647 1735 e.
662 1679 836 1752 operativa),
864 1677 1024 1741 adhaerens

101 1763 239 1836 utrique;
271 1779 361 1834 parva
379 1780 505 1838 namque
527 1771 588 1833 est,
611 1763 740 1836 eoquod
757 1761 793 1821 ad
810 1763 1024 1826 mndeceutiam

100 1846 278 1922 comperitur
299 1843 448 1904 familiaria
471 1865 504 1903 ac
523 1847 639 1920 ricina3
666 1867 772 1924 magna
793 1867 865 1906 vero
888 1859 949 1926 eat,
988 1869 1024 1910 eo

100 1929 180 2008 qnod
188 1929 364 1989 vicinitatem
378 1938 407 1988 et
415 1931 613 2006 cognationem
629 1949 694 1990 cum
705 1932 943 2010 contemplatione
953 1933 1024 2010 prae

100 2035 133 2077 ee
153 2017 239 2074 ferat.

104 2166 267 2254 Quidam.
288 2165 366 2228 Ecce
387 2165 761 2254 adoniratneeumsacwm
783 2185 865 2231 tuom
888 2173 1024 2234 min

141 2250 228 2312 uerbo
247 2249 359 2326 hoc*)?

187 2357 288 2426 §.48
330 2351 473 2430 Aequum
489 2365 533 2416 aot
547 2353 712 2416 humaniter
730 2357 857 2432 recipere
881 2377 949 2434 eoa,
971 2361 1023 2434 qui

98 2442 221 2500 minime
249 2441 353 2498 iactant
383 2459 479 2516 neque
498 2441 668 2516 pollicentur
692 2441 800 2499 maiora
823 2441 935 2500 viribus
956 2463 1023 2516 pro·

97 2527 189 2601 priist
228 2543 317 2598 quare
339 2535 369 2582 et
396 2523 571 2584 dominicum
597 2545 767 2602 sacrumque
789 2526 912 2586 verbum
935 2525 1023 2586 laude

80 2605 284 2686 'prosequitur
307 2607 358 2668 illa
385 2606 469 2681 (Lot)
492 2610 576 2670 dicta.
635 2609 782 2690 Quoniam
804 2611 889 2670 mrtlti
913 2613 1023 2678 maiora

98 2695 315 2770 desiderantes,
353 2693 448 2756 media
480 2696 543 2772 ipsa
570 2715 686 2771 quoque
717 2695 918 2772 perdidcmmt,
946 2715 1023 2773 qnae

98 2789 235 2856 appetere
254 2779 299 2838 t'aa
320 2787 373 2840 eet.

827 2879 832 2891 ι
983 2864 1014 2916 P·

257 2927 341 3015 Quid
358 2943 417 2991 eata
439 2929 561 3028 Festino
577 2911 688 2992 salvati
703 2929 797 3005 (tito)
811 2928 879 3016 *Ψ
996 2867 1063 3003 ὦ,

185 3037 209 3106 5.
231 3037 285 3094 tc.
338 3031 562 3107 Dulcissimum,
584 3035 742 3110 optimum,
763 3031 1020 3104 humanissimum·

99 3139 157 3197 qne
186 3119 311 3192 verbum
326 3117 467 3178 *divinum
486 3127 612 3192 praestat
638 3128 746 3177 sortem
767 3117 867 3178 salutis
891 3121 940 3197 ei,
968 3121 1020 3196 qui

97 3203 204 3267 salvari
229 3203 343 3280 enodet,
371 3201 525 3263 admittens
550 3223 637 3263 suum
658 3203 841 3264 infallibilem
861 3213 948 3282 atque
972 3207 1020 3266 in·

96 3311 301 3336 -ί--ὲι-

147 3391 171 3449 ·)
191 3391 290 3442 Genea·
310 3389 352 3450 te,
368 3388 412 3440 tt.
481 3383 518 3448 “l
535 3386 606 3442 lota.
623 3401 652 3442 τ.
670 3387 713 3440 22.
897 3428 900 3440 .
