2430 3824
95 293 99 298 ¹
196 194 261 272 sm
302 169 1036 311 rmn.1un.omi;msaurs.s.='os.
1058 209 1109 270 ae.
1161 259 1173 274 .

195 361 342 458 pbssid'ere
362 367 585 450 comperiretur?
617 369 755 452 Quippe,
781 381 815 432 at
835 371 973 449 exemplo
993 391 1113 448 persua·
1193 361 1194 368 ἵ

195 467 336 536 deamata,
366 459 490 532 suscepit
519 457 644 516 institiae
670 453 804 532 spiritam
827 467 991 532 protopster
1017 467 1113 516 nomer

116 554 119 564 ¹
195 545 349 610 Abrabam
377 553 406 602 et
434 543 604 600 monstrarit
631 561 700 600 enm
714 541 857 600 »bonitate
878 541 1014 616 plenum,
1045 543 1113 616 quis

194 630 312 694 medidit
341 630 372 686 in
400 627 558 686 viventem.
581 693 582 700 ἵ
608 619 740 700 Suscepit
766 621 926 686 honestatis
952 621 1111 706 (spiritum)

70 741 79 751 ‘
137 782 145 794 ,
196 715 322 792 loseph,
344 723 372 772 et
392 711 518 770 afferens
533 707 666 782 exhibuit
678 731 746 769 eum
767 711 933 770 concedenti
950 711 1068 785 plenum
1082 705 1124 770 in

125 797 135 809 “
196 819 312 880 corpore
334 817 402 870 suo,
431 805 563 870 superata
585 795 691 854 cameli
712 794 876 870 cupiditate.
920 791 1114 871 susceperunt

168 925 172 932 ·
197 881 252 948 zeli
274 885 406 964 spiritum
423 877 543 940 Simeon
564 881 593 938 ei
610 877 688 938 Levi
700 889 729 938 et
742 879 962 940 manifestarunt
975 900 1042 938 eum
1059 877 1115 940 Se·

197 975 336 1040 cimorum
357 976 459 1026 morte.
502 961 639 1040 Suscepit
655 964 724 1022 insti
744 964 842 1023 indicii
863 966 1019 1039 (spiritum)
1040 962 1114 1026 Inda

90 1065 97 1072 “
197 1051 226 1118 et
247 1052 421 1131 praedicavit
441 1069 509 1109 enm
529 1047 634 1106 iudicio
655 1047 838 1108 factonnrni
859 1069 938 1109 suae.
981 1045 1115 1110 Habebat

196 1137 284 1204 etiam
298 1135 447 1211 Sampson
468 1135 583 1194 rimatis
603 1133 764 1208 (spiritum)
791 1144 821 1193 et
850 1155 890 1194 ex
911 1135 1044 1210 operibns
1064 1133 1116 1194 da·

134 1255 138 1259 ’
196 1220 358 1286 monstrans
369 1221 506 1296 praestitit
519 1217 733 1294 perfectissime.
776 1213 810 1277 si
832 1239 901 1296 ergo
922 1219 1116 1279 fortibusde·

196 1313 251 1372 i'uit
273 1310 406 1386 spiritus,
437 1302 612 1377 accusandus
634 1304 706 1378 erit,
728 1304 865 1379 quoniam
886 1305 949 1362 eius
972 1314 1034 1363 erat
1053 1306 1115 1364 rir-

195 1406 286 1458 tutem
307 1393 522 1461 demonstrare,
552 1389 742 1448 instrumento
762 1408 834 1448 usus
855 1385 1035 1462 Sampsone:
1068 1390 1114 1448 sin
1195 1395 1196 1398 ’

163 1473 181 1528 Γ
195 1492 291 1542 antem
304 1477 421 1552 spiritus
439 1475 470 1532 ib
490 1474 604 1548 propria
615 1475 708 1550 grstia
727 1473 830 1532 fortius
846 1475 970 1548 perstitit
990 1483 1019 1534 et
1039 1471 1114 1534 aliae

194 1565 316 1638 insidiae
342 1579 417 1636 quae
439 1568 619 1634 evenerunt,
653 1554 845 1632 Sampsonem
864 1557 1028 1634 vicerunt,'
1043 1557 1114 1636 quid

78 1674 86 1679 ·
194 1643 370 1727 imponimus
388 1645 513 1704 alienam
533 1644 740 1702 accusationem
760 1662 847 1718 saper
867 1643 1021 1718 spiritum?

280 1753 303 1822 t.
317 1754 370 1810 26.
411 1743 536 1822 hatest,
564 1745 624 1804 ait:
655 1755 684 1804 st
703 1765 829 1820 aequum
846 1757 907 1810 erat
927 1753 1062 1819 peccante
1078 1761 1157 1814 Μ,

194 1835 355 1913 Sampsone
370 1831 520 1892 abscedere
534 1831 676 1906 spiritum,
697 1849 734 1889 ne
748 1850 831 1890 reum
845 1829 1004 1890 adiuvaret.
1034 1827 1077 1902 Et
1089 1835 1152 1895 564

194 1925 244 1982 ubi
265 1921 380 1980 divinae
400 1916 596 1992 promissionis
626 1934 698 1990 opus
717 1916 916 1974 inveniretur?
944 1924 972 1974 et
993 1935 1114 1992 quomo-

185 2007 232 2082 do
253 2026 310 2064 non
328 2002 470 2062 violentos
490 1998 587 2060 hostes
604 2019 657 2058 ros
672 2001 836 2058 monstratis
856 1999 971 2059 divinae
992 2001 1114 2076 scriptu-

194 2095 266 2152 rae?
296 2085 468 2162 Siquidem
495 2085 715 2160 promissionem
741 2085 856 2143 virtutis
876 2098 1009 2159 parentes
1029 2086 1115 2160 pueri

195 2181 401 2250 attemperant,
423 2170 501 2229 misit
514 2168 603 2241 deris,
623 2169 754 2226 minister
774 2168 830 2226 fuit
850 2169 991 2244 angelus:
1012 2169 1039 2228 is
1060 2189 1115 2229 an·

195 2274 254 2322 tem
277 2255 445 2331 (Sampson)
475 2264 629 2328 antequam
642 2261 644 2268 ’
658 2253 974 2329 monstrassetnliquid
995 2253 1032 2314 de
1052 2256 1115 2315 rir-

194 2348 264 2407 tntis
296 2342 447 2418 operibns,
486 2340 517 2396 in
547 2335 663 2412 puellae
689 2337 803 2398 deditus
833 2337 888 2397 fnit
918 2339 1114 2414 cupiditatem.

70 2435 75 2444 '
195 2430 284 2511 Quod
304 2430 330 2488 si
351 2426 468 2502 spiritns
487 2424 571 2482 iuxta
592 2423 754 2498 cupidinem
776 2420 945 2498 Sampsonis
966 2443 1115 2499 quoquam

195 2514 375 2586 abscederet,
407 2509 523 2568 virtutis
553 2509 772 2582 promissionem
791 2505 870 2566 hand
890 2509 1114 2572 invenissemus.

196 2597 349 2680 Quomodo
371 2603 467 2657 antem
489 2611 547 2650 noa
569 2602 598 2650 et
618 2603 715 2652 contra
741 2594 834 2666 ipsam
855 2591 1034 2654 divinitatem
1054 2593 1115 2652 lin·

194 2704 267 2762 gaas
286 2689 437 2754 scatentes,
459 2677 649 2750 descriptura
668 2679 855 2750 mentiuntur,
876 2677 1012 2754 dicentes,
1035 2677 1126 2752 qnod·

194 2789 253 2829 non
274 2766 380 2839 accepit
401 2760 544 2836 Sampson
571 2762 702 2836 spiritum
730 2763 863 2838 virtum,
892 2761 943 2822 sed
964 2751 1116 2837 superfluo

194 2856 297 2929 scripta
327 2851 383 2909 suit
403 2847 468 2906 talis
495 2846 604 2922 gratia3
635 2847 660 2904 si
688 2847 766 2905 enim
793 2848 964 2922 accepisset,
994 2849 1116 2907 omnino

194 2958 262 2998 erim
283 2955 334 3012 pet
356 2951 442 3008 opera
462 2931 660 2990 vidissemus?
696 2927 745 2990 Sic
764 2931 918 3006 impiorum
940 2931 1047 3008 ubique
1068 2933 1116 2990 in·

194 3023 309 3082 venitur
329 3015 492 3092 calumnia3
522 3015 659 3088 scriptura
686 3023 783 3078 tamen
812 3035 871 3073 non
901 3017 1008 3091 patitur
1034 3016 1117 3076 caln-

120 3117 129 3130 ‘
194 3108 321 3180 maiam,
352 3121 447 3176 neque
468 3101 499 3157 in
522 3117 640 3158 manum
658 3097 874 3158 artificiosorum
888 3100 1041 3160 verborum
1056 3110 1119 3162 tra·

194 3192 288 3265 ditur,
310 3187 361 3248 sed
381 3205 446 3244 cnm
462 3185 519 3259 piis
532 3181 698 3242 bominibus
717 3183 952 3259 simplicibusque
972 3184 1117 3260 loquitur.

192 3267 273 3335 Haec
294 3273 330 3332 de
360 3269 492 3346 apologia
511 3269 644 3342 spiritns:
674 3287 777 3326 rernm
798 3269 836 3328 ad
856 3265 1048 3346 Sampsonem
1070 3269 1118 3330 di·

192 3363 348 3434 rinamqne
369 3353 517 3416 historiam
538 3361 727 3413 revertamur.
997 3355 1004 3366 ’
