2432 3820
125 200 972 308 rum.ron„uoansr.1uanu.mn.1v.§.1oo.
995 207 1059 278 ιιι
1110 223 1126 242 *

109 387 205 448 dena
232 387 262 444 in
283 382 351 456 Gr.)
360 387 388 456 *)
416 384 543 460 primum
564 403 670 446 nomen
691 383 780 460 apio
813 403 853 444 ax
877 403 937 460 quo
956 403 1059 446 aeum-
1149 405 1162 432 ι

131 471 204 533 dum
230 491 316 532 naum
348 480 496 544 reoeptum
520 477 550 529 et
571 470 764 545 periculorum
789 469 951 532 iucundius
976 477 1058 548 grata

130 569 161 618 et
175 555 296 617 honesto
304 565 423 616 vocatur
435 555 537 630 paedia
547 555 808 630 (mlaxatioauimi,
828 553 927 628 ludna,
947 556 1058 632 ioena);

131 645 216 702 onius
240 642 433 718 importeipes
457 651 486 700 et
505 640 588 700 nullo
608 651 691 716 pacto
711 650 860 720 gratantes
877 642 1060 716 repedantur

130 729 204 788 mali
232 739 261 788 et
287 727 408 801 lascivi,
439 725 557 786 tristem
571 745 606 784 ao
629 725 793 786 dolorosam
811 727 902 786 vitam
928 735 1057 803 agenta.

132 811 254 874 Virtute
276 813 367 870 ornati
383 830 454 870 vero
473 829 573 874 omnea
592 810 729 872 lianntnr
747 810 912 872 laetabundi
932 831 1058 887 temper,

132 909 198 958 tum
228 897 361 957 homines
392 893 441 956 vel
462 895 603 956 coniuncti
630 896 729 973 aliquo
750 896 836 956 modo
857 916 922 955 oum
944 895 1059 956 mortali

135 1003 256 1058 eorpore
276 983 411 1058 apititne,
439 989 502 1038 tum
523 981 612 1040 uoluti
638 979 820 1058 separatique
842 981 1001 1041 eeumduna
1021 979 1059 1042 fi·

132 1089 223 1145 nem,
254 1077 304 1127 aut
324 1085 469 1142 nusquam
490 1065 636 1144 oolligati3
663 1087 717 1128 neo
742 1087 801 1125 non
823 1065 979 1127 daemones
999 1071 1058 1140 (aa-

133 1155 236 1229 orati),
264 1171 338 1229 quoa
365 1171 445 1212 sacro
465 1148 590 1229 Moyseo
617 1152 707 1212 verbo
737 1149 858 1230 angelos
879 1151 981 1212 aolitua
1001 1152 1058 1214 fuit

132 1239 303 1311 nominare,
331 1246 360 1296 et
385 1235 518 1296 atelleeu
532 1257 623 1312 quum
635 1238 713 1296 anim
734 1238 782 1296 iati
797 1232 860 1317 (vel
879 1237 963 1310 ulae)
985 1257 1058 1314 quo-

133 1345 194 1400 quo
223 1321 433 1382 intellectuales
463 1331 611 1398 tamquam
637 1321 784 1382 mirabiles
810 1322 984 1398 divinaeque
1005 1341 1058 1384 na·

133 1420 218 1470 turae
239 1418 327 1484 eunt,
344 1427 403 1466 uon
423 1406 549 1466 mixtam
570 1409 702 1467 tristitiae
722 1417 870 1468 aeternam
888 1407 1060 1483 aequiaitmn

80 1521 85 1524 ·
131 1491 243 1554 habent
271 1493 420 1553 laetitiam.
462 1490 569 1552 Itidem
590 1495 760 1554 universum
790 1493 902 1554 eaelum
923 1503 953 1554 et
972 1513 1059 1553 mun·

135 1580 210 1656 dua,
231 1581 369 1654 quoniam
387 1577 496 1641 animal
513 1589 556 1638 eat
577 1589 607 1638 et
627 1579 767 1639 rationale
794 1590 824 1640 et
830 1581 977 1664 ⁰animam
997 1581 1059 1640 vir·

135 1676 199 1726 tute
220 1663 368 1741 praediun
388 1674 417 1724 et
437 1673 540 1723 natura
559 1661 749 1740 philosophae
769 1674 874 1740 atque
869 1664 1000 1726 eandem
1021 1663 1058 1724 olo

135 1769 268 1810 causeam
299 1751 413 1809 tristitia
441 1758 470 1808 et
499 1749 602 1810 timore
628 1767 729 1810 oarena
755 1749 917 1824 plenusque
947 1748 1057 1826 gaudii.

133 1833 231 1896 Immo
259 1835 380 1911 dieiuu,
415 1844 444 1894 et
470 1835 532 1910 ipae
562 1843 644 1908 pater
670 1845 700 1894 et
720 1844 830 1894 creator
855 1836 1058 1894 universorum

65 1919 68 1924 ’
131 1931 273 2000 perpetuo
302 1922 332 1978 in
361 1921 421 1980 vita
452 1937 505 1978 aua
521 1918 679 1979 ,exsultare
710 1931 739 1979 et
770 1919 889 1996 ludere,
928 1918 1059 1996 gaudena

132 2006 307 2066 condeoente
316 2005 449 2064 divinum
464 2005 559 2062 ioouna
572 2003 768 2081 iucunditeto;
791 2025 844 2065 nec
859 2024 932 2106 opus
948 2002 1059 2066 habena

131 2091 242 2167 ullius,
270 2111 324 2150 nec
344 2091 418 2150 ullo·
426 2088 512 2148 modo
533 2088 687 2166 indigena,
717 2051 805 2151 aed
796 2111 858 2166 ipae
875 2091 918 2148 ia
939 2109 972 2150 ae
992 2091 1058 2167 ipae

130 2175 302 2238 laetitioatua
318 2186 404 2250 atque
425 2175 538 2234 inania
559 2175 713 2234 mantiam
733 2175 906 2250 mrmdraquo
919 2195 998 2235 aaa
1019 2191 1050 2240 Ρ.
1061 2181 1096 2231 A.

131 2247 262 2322 conditio.
306 2259 547 2321 Invisibiliauero
561 2259 641 2318 illino
655 2259 749 2336 ideae,
771 2280 846 2336 qnae
859 2260 1013 2320 indioatira
1032 2257 1094 2322 ³89
1189 2319 1192 2326 ,

134 2358 180 2408 eat
206 2346 293 2406 huius
313 2347 506 2423 compaginis,
535 2346 767 2446 incorporearum
795 2345 954 2405 formarum
974 2365 1057 2404 men·

133 2452 221 2497 ,aurae
241 2431 297 2492 hae
319 2441 403 2507 sunt,
436 2449 536 2490 omnes
558 2429 626 2490 illaa
645 2447 710 2490 ease
736 2431 768 2487 in
789 2427 978 2490 similitudine
997 2429 1058 2488 for·

132 2539 240 2593 meque
259 2516 414 2577 inuisibilia
434 2509 604 2594 (creatoris).
656 2513 724 2574 lure
740 2515 829 2591 igitur
843 2514 958 2590 sapient
977 2531 1058 2575 ιιιιι·

133 2623 214 2663 mam
244 2621 342 2662 rerum
368 2610 448 2660 ratus
475 2599 512 2660 ad
541 2599 629 2658 deum
650 2599 885 2675 similitudinem,
917 2608 1059 2674 quantum
1100 2587 1113 2612 ‘

133 2687 200 2748 lieri
220 2697 331 2764 potest,
358 2696 486 2746 creatum
506 2687 631 2744 moreato
641 2726 652 2758 ,
681 2696 710 2743 et
730 2683 881 2744 mortalem
897 2683 1059 2744 immortali

132 2775 256 2850 iungere
279 2773 395 2848 nititur,
427 2769 502 2830 nihil
522 2768 658 2828 deficiens
679 2769 728 2828 vel
754 2771 785 2828 iu
806 2769 1000 2829 exsultatione
1021 2769 1059 2828 eb

133 2860 198 2918 eiua
230 2855 427 2918 similitudine.
465 2853 582 2934 Quam
612 2855 648 2912 ob
669 2873 732 2913 rem
758 2856 854 2929 ipsum
875 2873 991 2929 quoque
1011 2852 1059 2914 lu·

133 2943 206 3004 dum
226 2941 414 3002 immutabilia
442 2939 609 3014 solidaeque
629 2939 744 2998 virtlrtia
771 2951 887 2998 exercet
907 2959 973 2997 cum
997 2935 1059 2998 Re·

130 3027 239 3102 becco,
261 3029 348 3088 ouius
366 3045 473 3086 nomen
488 3025 733 3100 perseverantiam
746 3023 807 3095 (rel
827 3024 1058 3099 perpetuitatem)

131 3115 282 3190 exprimit.
330 3108 506 3172 Huiusmodi
535 3112 606 3170 v‘ero
627 3110 739 3186 iocum,
770 3109 833 3170 eive
853 3108 1057 3170 iucunditatem

173 3314 211 3376 ³)
229 3314 336 3366 Alludit
360 3317 393 3363 ad
411 3313 522 3362 (tntum
538 3325 633 3372 voees,
656 3313 716 3366 uuio
732 3325 813 3375 paor,
829 3307 944 3372 παίζων,
960 3309 1058 3372 ludent,

130 3383 200 3437 dont
216 3387 309 3448 paullo
325 3393 386 3447 pout
402 3379 505 3433 omaro.
547 3379 634 3431 Auca.
993 3419 996 3426 ,
1149 3380 1156 3386 ·
