2432 3820
76 157 1011 323 nunss1un.ounusr.r1u..auunrv..1§1.ss-1mno

76 375 226 452 propheta
240 378 387 438 mendacii
398 380 527 455 nmcius,
556 377 655 440 mdeste
669 383 887 462 vocabatur,
863 406 926 448 nve
940 407 1007 448 oon·

76 461 167 539 bam,
197 465 351 538 impositis
353 465 518 524 nominibus
535 465 694 526 secumdum
707 469 823 530 oculum
840 471 964 532 mutue.

195 613 297 674 Uar
283 637 316 674 un
336 591 462 676 amnuit
475 631 566 692 pasto
584 613 693 676 dieitur
711 614 905 694 monemur

170 720 196 788 l.
220 721 293 776 1³9.
335 714 376 776 Et
401 715 456 777 hoc
479 738 543 778 cum
564 719 665 794 primis
685 719 852 798 concorden
879 741 1005 800 namque

79 803 117 861 ab
135 803 297 873 oriente**)
318 821 371 864 ceu
384 802 419 861 ab
438 804 518 862 inani
534 805 668 878 opinione
684 807 795 881 omnis,
827 809 879 882 qui
889 809 1004 884 sapien·

79 889 140 951 tiae
160 885 285 960 cupidus
301 897 345 945 est
366 896 396 946 et
419 905 491 947 vere
514 887 562 948 dei
580 907 699 965 amans,
727 889 850 968 effulgit,
871 895 1005 954 remotio·

38 976 41 984 “
80 991 153 1032 nem
171 982 201 1031 et
211 971 417 1045 aetatumuu
438 974 470 1032 in
483 972 611 1080 melioris
624 976 713 1050 partis
727 977 836 1036 ratione
850 977 1002 1040 collocans

10 1121 19 1132 ⁶
85 1124 173 1210 Quod
194 1140 238 1184 eat
261 1129 389 1201 aprutium
410 1071 527 1203 hmine,
557 1143 585 1190 et
608 1151 699 1216 putore
721 1129 921 1208 egredicbatur
934 1153 1002 1208 spo-

59 1248 61 1256 =
123 1214 202 1270 sioni
224 1215 257 1268 irs
282 1217 479 1287 compojiom
431 1213 574 1273 medisina
601 1219 661 1274 iam
684 1214 753 1276 die?
780 1231 807 1276 et
831 1219 910 1289 (tuor)
931 1238 1002 1296 quo·

123 1291 328 1378 cum,(esset)
355 1317 416 1356 oon
434 1312 476 1357 ess
494 1302 694 1372 mmmmm
794 1319 797 1327 ¹

171 1401 195 1469 §.
219 1393 292 1457 140.
343 1394 562 1460 connexionem
591 1401 779 1478 ordinemque
806 1400 1003 1462 harmonicum

80 1481 170 1543 habet
191 1503 256 1542 cum
278 1484 477 1544 anterioribus.
520 1481 575 1544 cui
589 1488 667 1546 enim
685 1489 805 1546 minotio
825 1498 854 1548 et
876 1487 1005 1548 anesus
1039 1551 1046 1566 ,

80 1569 310 1628 existimationis
332 1569 491 1628 visibilium
511 1573 543 1628 in
560 1571 652 1645 pretio
675 1583 762 1644 sunt,
783 1573 940 1632 solitariam
958 1573 1005 1632 in·

82 1655 152 1729 cipit
173 1653 384 1736 degerevitam
399 1653 480 1713 solus
496 1673 562 1713 cum
580 1655 641 1714 solo
655 1657 794 1716 invisibili
812 1658 876 1718 deo.
919 1655 1003 1718 Lon·

82 1759 136 1815 gas
153 1747 254 1798 autem
272 1739 502 1798 conversationes
514 1736 706 1816 homiliasque
722 1743 924 1804 consuevimus
937 1761 1003 1816 spa·

82 1826 123 1883 tia
142 1843 258 1883 vocare.
306 1821 390 1882 His
381 1825 474 1898 igitur
488 1823 582 1884 voluit
603 1823 753 1884 ostendere
776 1827 913 1900 sapientis
937 1845 1001 1884 mo·

82 1929 147 1968 rem
169 1927 230 1966 non
249 1909 304 1966 cito
325 1907 485 1966 satiabilem
506 1927 589 1984 esse,
618 1909 668 1968 sed
690 1921 885 1982 constantem,
906 1928 1002 1984 neque
1089 1919 1090 1929 ¹

82 1995 122 2054 ita
155 1992 272 2054 facilem
297 2001 331 2050 ut
344 1985 447 2054 deleri
470 1994 562 2068 possit
587 2003 638 2054 aut
664 1993 769 2054 auferri
793 1993 915 2062 abidon
940 1992 1003 2066 (vel

83 2078 354 2155 contemplatione),
368 2097 463 2156 quae
492 2089 609 2156 superat
636 2080 761 2157 bonnm,
801 2077 1003 2157 superexcedit

84 2169 245 2243 sapientem
268 2173 298 2225 et
311 2165 468 2248 *excellit
458 2187 554 2242 ipsum
577 2169 739 2244 optimum,
769 2164 1001 2226 concurrentibus

85 2251 255 2329 singillatim
268 2249 396 2310 homiliis
414 2271 502 2327 snper
516 2273 548 2313 sa
564 2253 709 2329 invicem3
731 2254 772 2311 ita
793 2262 825 2311 ut
841 2272 1001 2327 numquam
1096 2259 1100 2266 '

84 2338 225 2413 nulloque
242 2337 328 2396 modo
348 2338 492 2412 contingat
516 2338 648 2400 recedere
673 2357 691 2396 a
715 2337 863 2395 concordia
883 2355 1007 2406 conver,

86 2424 225 2496 miluum,
243 2483 246 2487 ,
264 2422 300 2480 ob
328 2421 505 2496 inexplebile
533 2431 619 2498 atque
644 2421 805 2482 insatiabile
827 2420 1005 2480 desidorium

85 2509 271 2584 continuum„
292 2506 370 2580 quod
387 2507 499 2566 intense
517 2517 638 2578 nactum
665 2515 837 2582 captumque
858 2513 903 2564 est
923 2503 1006 2578 prin·

85 2593 170 2669 cipali
190 2591 263 2650 duce
289 2593 427 2665 (mente),
457 2610 510 2666 per
537 2590 698 2654 trahentem
718 2591 790 2654 vim
805 2611 906 2650 eorum
927 2607 1002 2664 quaa
1093 2613 1099 2628 ι

8 2691 9 2696 ’
87 2675 374 2752 suntprincipalium.
418 2673 505 2750 Unde
516 2678 602 2736 etiam
618 2674 804 2754 egrediuntur
817 2675 1003 2735 verbotenus
1070 2709 1073 2725 ‹

88 2783 126 2824 ex
148 2763 265 2822 civitate
288 2761 351 2822 sive
381 2760 484 2836 domo,
513 2781 546 2822 re
563 2771 667 2824 ,nmen
689 2758 753 2836 ipsa
777 2759 893 2836 quando
919 2776 1003 2818 mens

97 2903 294 2926 ...ιιι-..ιώ

151 2966 293 3022 ⁴.)Genes
311 2962 360 3022 24,
383 2964 428 3014 62.
506 2961 544 3022 “l
565 2961 656 3014 orum
679 2963 837 3024 supponitur
862 2973 912 3024 pro
937 2957 1001 3009 uisi·

85 3033 146 3094 att,
162 3033 279 3082 maxime
306 3035 375 3092 quod
400 3031 429 3080 ln
445 3031 568 3082 Arnon
582 3031 682 3082 arrosit
707 3041 732 3081 et
744 3027 868 3112 jormelii
893 3037 1003 3090 cognate

86 3113 144 3152 sunt
169 3104 269 3160 verba,
293 3103 363 3160 quod
389 3113 404 3149 e
426 3099 546 3160 sequenti
572 3101 592 3161 l.
618 3095 714 3150 melius
738 3097 894 3160 pleniusque
920 3110 1001 3156 appa

40 3195 46 3204 x
86 3181 133 3220 ret.
170 3169 272 3218 Auel.
335 3165 450 3232 ”*)Sic
473 3170 549 3220 codd.
568 3168 598 3218 0.
615 3169 649 3218 D.
641 3199 668 3228 .,
689 3171 736 3218 sed
754 3170 823 3226 quod
840 3167 920 3213 babet
942 3165 1002 3214 cod.

86 3239 120 3290 A.
137 3241 224 3300 verbo
241 3247 318 3286 tenus
335 3250 370 3286 ex
384 3236 510 3286 Armenia
528 3235 620 3297 lingua
637 3239 669 3284 ab
686 3235 810 3285 Auchero
828 3243 1000 3294 expressurus

84 3303 117 3354 τὰ
140 3303 288 3356 remotionis
312 3311 339 3354 et
355 3304 487 3367 defectus,
509 3304 537 3352 id
554 3304 636 3366 magis
653 3306 686 3352 ad
702 3301 821 3354 Philonis
837 3313 945 3350 suanum
960 3297 1001 3348 vl·
1020 3351 1027 3360 ,

84 3379 161 3426 detur
177 3376 316 3424 accedere.
380 3374 415 3437 t)
433 3373 531 3427 Genea.
548 3371 661 3434 ibbo.
1035 3377 1037 3388 '
