2432 3820
108 181 949 320 emn.1on.onsnsr3.nscuu.n.1v.§.samaa
972 231 1035 302 14⁵

107 417 147 459 en
178 395 310 462 Rebecca
329 418 436 458 eoram
463 408 492 458 te
513 407 574 473 est,
604 397 766 462 tolle'eam
794 409 824 462 et
842 401 1032 478 proficiscere.
1069 473 1076 482 p

107 481 176 546 Hoc
204 495 302 546 autem
330 483 437 544 dictum
466 493 511 543 est
531 484 569 543 ad
588 481 842 560 reprehensionem
862 488 1034 568 labantium,

108 567 311 650 adversusque
331 588 428 654 mores
457 569 699 644 inconstantium,
728 573 778 646 qui
799 571 872 632 alias
900 574 984 634 aliter
1005 585 1034 635 et

107 654 206 714 multa
235 674 269 712 ac
289 655 430 712 contraria
452 656 706 736 oppugnantiaqne
725 655 929 732 imaginantur.
971 658 1030 720 llle

107 759 201 815 vero,
229 739 280 813 qui
310 748 471 798 constanter
502 747 531 797 et
560 738 683 798 firmiter
709 739 841 814 festinat,
874 743 1028 805 reclamat:

106 823 201 882 nolite
227 843 276 882 me
295 825 450 899 retinere,
477 823 621 884 salvatore
642 823 696 882 deo
726 825 756 882 in
766 827 793 895 *)
815 827 894 886 viam
915 829 1032 890 virtutis

106 909 261 986 mittente3
289 929 342 984 per
362 929 450 984 quam
470 906 526 968 huc
554 910 613 968 iam
633 909 702 970 veni
723 909 878 970 etiterum
899 933 1030 990 pergam.

110 1093 215 1180 Quom
246 1092 317 1156 dissi
344 1091 488 1178 (παντως
523 1095 668 1156 Voocmss
689 1093 821 1172 puellam
846 1109 874 1156 ct
903 1099 1029 1158 moro·

147 1201 249 1256 gersus
269 1202 302 1242 os
321 1185 459 1254 eiuo**)?

192 1303 218 1371 i.
243 1306 314 1362 132.
364 1299 400 1360 ln
426 1299 527 1377 primis
547 1297 701 1360 dicendum
721 1309 785 1378 est,
814 1298 913 1378 legem
943 1301 1029 1360 mum
1103 1335 1108 1348 ·

106 1401 198 1459 super
217 1387 352 1460 quamvis
372 1388 517 1468 virginem
540 1405 558 1444 a
579 1397 659 1460 patre
680 1395 777 1444 ssncto
798 1387 932 1460 scriptam
952 1405 1029 1445 com·

106 1471 215 1544 periri,
247 1491 312 1530 eam
333 1472 458 1548 scilicet,
487 1489 562 1546 quse
583 1469 786 1546 despondenda
807 1471 844 1529 sit
864 1470 1028 1530 statuenda-

107 1575 167 1629 que
188 1555 219 1612 in
240 1558 412 1630 sponsione,
441 1557 577 1632 qnoniam
600 1555 759 1630 (deinceps)
781 1563 910 1614 curatore
931 1565 1027 1615 carets

106 1658 147 1697 ue
168 1639 338 1698 anciliorum
358 1643 449 1700 instar
461 1640 511 1700 vel
532 1641 710 1714 captivarunt
729 1637 873 1699 violenter
893 1649 1027 1718 agentum,

107 1722 159 1782 sed
178 1723 317 1786 volentes
333 1735 362 1783 et
382 1725 457 1784 ultro
472 1725 640 1799 accipientes
655 1725 887 1797 matrimonium,
908 1724 939 1779 in
959 1743 1027 1782 con·

42 1863 45 1870 .
106 1827 225 1868 sensnm
240 1809 404 1870 concordiae
418 1808 642 1885 proficiscantur.
684 1803 827 1880 Secundo,
841 1808 977 1882 quoniam
990 1799 1093 1879 M*

104 1893 269 1953 intellectus
284 1911 399 1969 semper
414 1896 513 1954 varius
530 1895 714 1968 omnigenam
727 1893 867 1966 recipiens
886 1901 981 1951 muts·
1002 1897 1064 1958 ³40

106 1979 216 2037 tionem
237 1979 274 2038 ob
295 1971 423 2039 exterius
436 1979 672 2054 supervenientes
688 1979 873 2054 cogitationes
888 1977 1026 2051 frequen·

106 2063 250 2138 tissimas,
282 2085 357 2140 qnae
386 2067 527 2127 continuis
558 2063 681 2124 fortunis
702 2063 836 2120 torrentis
855 2063 887 2120 in
907 2061 1027 2124 modum

104 2147 323 2224 ingrediantur,
355 2149 508 2226 diligenter
529 2148 684 2206 dixerunt:
711 2149 937 2222 immogemus,
966 2167 1039 2206 non·

104 2233 211 2308 ipsam,
233 2231 285 2292 sed
303 2237 425 2310 ossium
446 2233 524 2292 istud
543 2253 584 2292 ex
600 2251 700 2290 caussa
718 2230 854 2305 dicentes,
876 2241 909 2290 nt
930 2239 1025 2292 osten·

104 2317 175 2378 dant
195 2337 228 2376 se
249 2318 325 2378 ultro
346 2329 510 2393 accepturos
531 2319 661 2388 esse***)
682 2317 855 2376 mutationes
875 2324 1025 2392 tamquam

103 2411 261 2462 torrentem
293 2407 528 2479 supervenientes
558 2422 598 2461 ex
618 2401 727 2478 rebus,
760 2419 835 2474 quae
864 2398 935 2460 ioris
956 2419 1025 2458 eve·

102 2487 211 2565 ninnt3
240 2497 269 2548 et
289 2489 412 2550 verbum
432 2509 485 2566 pro
506 2487 667 2548 rationein
688 2483 817 2544 medium
837 2481 903 2542 duci
923 2481 1025 2550 volue-

65 2630 67 2640 ,
102 2581 181 2632 runt.
234 2569 349 2653 Quare
365 2575 452 2633 etiam
476 2572 542 2648 lege
571 2571 629 2630 lata
658 2569 726 2628 dicit
750 2588 885 2628 misum:
926 2570 1024 2627 ortasio

102 2677 179 2735 prmo
211 2671 320 2716 exunat
339 2679 381 2716 ex
408 2655 494 2717 lrshiic
513 2659 590 2730 turs,
612 2655 735 2736 facim,
765 2673 824 2712 non
844 2673 915 2713 vero
935 2672 1047 2730 qnae.

102 2760 228 2816 cumque
255 2743 287 2800 in
313 2739 413 2802 mente*
436 2761 552 2802 verses:
582 2739 714 2798 homines
740 2739 818 2798 enim
844 2757 945 2796 vocem
967 2757 1023 2796 au-

103 2822 216 2899 diunt,'
230 2826 303 2886 deus
328 2838 425 2886 autem
446 2827 640 2902 cogitationes.
689 2821 792 2897 Itaque
813 2821 941 2898 apposite
963 2840 1021 2878 non

102 2911 180 2985 ipsas
200 2911 385 2987 cogitationes
401 2914 594 2987 interrogant,
623 2907 675 2969 sed
688 2925 806 2968 servum
824 2925 941 2983 earnm,
961 2924 1022 2965 ser·

103 3014 221 3056 monem
242 3015 312 3056 voce
332 2997 487 3073 prolatum.

151 3249 180 3316 ·)
198 3234 363 3320 Quodlliss.
380 3249 411 3300 c.
427 3251 461 3300 Ι).
478 3213 593 3306 hebent,
609 3243 638 3294 id
654 3243 810 3304 ciceroque
825 3238 894 3291 verti
908 3241 1020 3301 potorius

102 3318 171 3372 uam
183 3319 430 3385 uimtistdmwn
442 3311 571 3380 tramitem
584 3312 736 3362 ostendente.
754 3307 840 3360 Aaou.
875 3305 914 3369 ”l
925 3311 1020 3360 lienes·

103 3387 150 3450 24,
177 3387 221 3438 57¹.
289 3383 434 3446 ‘**)Vel=
455 3382 874 3450 ipsasosmaoepsmmese.
916 3377 1003 3427 Ascla.

134 3470 536 3530 murmuris...
734 3440 822 3560 ,Ν
934 3541 942 3556 ,
1043 3531 1061 3546 κ
