2432 3820
159 187 895 296 464466.464.6644664....466464444
899 198 1079 262 reo-„1⁶2
1140 183 1144 190 ’
1208 235 1209 284 :

153 363 383 462 primogenitus.-
411 381 488 420 uuus
506 364 585 422 enim
603 341 746 424 femineae
767 330 977 464 humidaeque
987 373 1078 448 mate·

96 474 99 480 s
158 445 219 506 riae
235 457 344 520 partus
348 455 403 522 est,
425 447 493 520 quia
510 449 585 521 parit
599 447 726 524 1644444464
757 447 876 506 alter
853 468 915 508 6446
934 449 1089 526 primoge-

158 532 237 590 nitus
248 530 423 590 masculinus
435 541 465 590 66
478 533 595 606 petieris
607 551 725 591 caussae
738 533 851 590 44466646
868 537 983 632 (6446614
1011 535 1079 610 quia

157 617 232 674 mari
243 615 392 690 proprium
409 624 452 674 est
463 629 613 692 generare.
655 614 689 674 Si
707 616 826 716 quidem
848 619 962 705 sapiens
981 627 1010 677 66
1028 639 1079 696 ge·

157 717 278 758 nerosus
303 701 419 760 sortitus
441 710 484 759 est
502 719 633 764 64666444
653 702 813 777 4464446444
839 721 949 775 pravus
970 713 1079 782 autem,

49 807 55 816 ·
157 793 191 842 66
202 785 233 842 44
249 803 354 858 genere
369 787 449 859 prius
468 795 601 860 natos,
601 785 753 844 familiaris
775 788 949 860 comperitur
967 789 1080 848 vitiosis

157 870 295 927 materiae
314 869 514 970 complicibus,
545 889 619 944 quae
636 871 736 930 matris
752 889 833 929 more
849 873 932 944 446446.
981 871 1080 950 Quam

64 967 65 978 ¹
158 953 272 1013 obrem
288 954 363 1012 etin
379 955 426 1031 iis,
448 975 523 1030 (44466
535 964 611 1028 siant
641 933 875 1030 sauromatem,
897 957 1089 1032 utincorpo·¹

57 1030 60 1042 ’
156 1057 224 1098 4666
243 1040 380 1112 virtutes,
416 1058 490 1112 qnae
510 1041 573 1098 44446
597 1040 804 1114 primogenitae
824 1049 914 1114 6646,
948 1055 1079 1116 (4646446

26 1162 28 1176 .
74 1159 76 1167 2
102 1107 120 1172 '.
156 1122 290 1182 nonnulli
321 1122 467 1198 appellant
491 1123 614 1198 1644466,
646 1133 675 1182 66
694 1135 860 1184 mensuras
870 1125 1006 1200 ideasqne
1030 1143 1078 1186 eo·
1208 1189 1209 1194 ,

63 1256 69 1272 ,.
156 1227 233 1284 rum,
256 1227 331 1281 qrrae
347 1217 432 1280 66464
471 1208 618 1266 sensibilia
638 1227 708 1267 4646
732 1209 905 1284 perfectione
930 1229 1012 1283 prae·
1040 1217 1118 1279 ΡΑ.

157 1291 217 1351 dita
234 1311 293 1352 uon
312 1293 363 1352 ita.
407 1289 525 1366 Species
548 1293 634 1352 64446
647 1302 740 1352 matre
758 1303 886 1352 carentes
907 1303 975 1352 sunt
992 1314 1032 1354 ex
1054 1292 1117 1356 369
1192 1247 1209 1384 1

156 1376 218 1436 sola
236 1396 355 1453 6666644
387 1377 541 1436 6646464466
564 1386 661 1434 autem
684 1377 873 1450 perfectiones
901 1377 967 1448 (vel
991 1397 1078 1454 opera

156 1467 242 1532 sunt)
262 1481 359 1520 merae
374 1463 529 1538 materiae,
559 1481 649 1536 quam
664 1471 785 1522 matrem
802 1461 941 1522 factorum
957 1483 1016 1535 664
1033 1465 1095 1524 in·

157 1547 249 1607 aniter
271 1546 389 1607 dixeris
795 1575 802 1584 ²

251 1701 255 1708 ’
324 1681 386 1742 Gur
406 1679 581 1766 nesciuntur
594 1680 680 1748 664446
700 1683 750 1744 tlte
770 1681 914 1746 Esou
864 1687 914 1760 *1
957 1747 958 1750 ,

217 1777 266 1856 1.
284 1790 355 1845 161.
398 1784 479 1845 Esau
497 1789 652 1886 exponitur
664 1787 845 1867 frettoff)
833 1788 921 1861 1461
943 1807 1089 1864 (4664666,Ι

156 1877 311 1944 utrumqne
339 1869 487 1930 evidenter
515 1873 682 1946 exprimens
709 1892 830 1932 morem.
880 1871 970 1932 Pravi
999 1875 1078 1932 enim
1208 1929 1209 1938 ,

156 1952 472 2028 44644614644464416466
495 1966 539 2016 est
560 1955 760 2032 figmentistet
781 1956 895 2014 blandis
919 1958 1077 2030 sapientiis,
1124 1995 1127 2000 -
1204 1955 1209 2024 1

156 2047 303 2114 tamqnam
315 2037 366 2097 1446
379 2039 515 2098 educatus
533 2049 561 2098 66
577 2060 664 2113 nsns,
684 2037 758 2096 nihil
775 2041 838 2098 sani
856 2041 994 2114 cogitans.
1036 2037 1079 2101 Et

155 2123 337 2196 insipientem
356 2125 543 2198 pravitatem,
565 2133 634 2198 puta
648 2142 801 2182 cannones-
816 2119 1077 2223 (4444641***)644,·

155 2207 272 2282 perbos,
293 2208 333 2264 ita
352 2205 620 2308 446666114644414644,
641 2227 736 2281 neque
750 2206 825 2266 flecti
842 2209 923 2284 sciat,
950 2181 1078 2272 similem
1114 2242 1117 2248 s

156 2287 480 2373 646616166144664664,
509 2313 585 2370 quae
604 2293 746 2371 frangitur
766 2301 925 2372 antequam
942 2291 1077 2356 humilie-
1131 2331 1135 2347 ι
1208 2289 1209 2354 l

154 2362 203 2438 1444
216 2395 249 2438 aa
262 2375 420 2451 flectatur„
447 2447 448 2452 1
540 2423 548 2437 ,.

255 2509 369 2596 Quid
386 2525 444 2572 est.-
476 2510 583 2572 Postea
603 2513 679 2573 46664
689 2512 798 2596 from
817 2509 971 2600 66661141

241 2615 265 2686 1.
286 2618 359 2674 162.
401 2609 519 2676 Fratres
539 2623 607 2684 sunt
623 2617 716 2676 virtus
736 2625 765 2676 66
789 2617 898 2676 46614646
918 2615 1076 2679 secundum

96 2727 107 2740 κ
154 2695 246 2777 illud,
284 2696 362 2774 qnod
387 2700 474 2759 unius
499 2700 588 2758 animi
612 2709 712 2774 partus
734 2710 815 2760 suut:
853 2711 882 2760 et
905 2703 1013 2774 inimici
1040 2722 1076 2762 eo
1123 2701 1129 2711 '
1208 2733 1209 2742 ¹

154 2781 233 2858 quod
249 2781 437 2842 adversantur
458 2783 512 2844 sibi
534 2785 658 2859 invicem
683 2795 711 2846 et
731 2795 869 2862 pugnant.
913 2783 983 2846 Ideo
1008 2807 1075 2845 con·

153 2867 305 2928 venientes
329 2877 477 2942 tamquam
501 2889 540 2927 ex
564 2871 731 2928 necessitate
760 2881 789 2928 et
811 2869 947 2946 ligamine
978 2872 1075 2946 aliquo

110 2969 113 2982 ·
138 2951 316 3028 complexi,
343 2951 435 3012 6414416
450 2954 547 3012 minus
568 2953 785 3014 disiunctionem
809 2965 907 3032 optant
933 2964 963 3016 et
984 2955 1075 3054 ‹lisso-¹

152 3033 209 3094 1664
223 3035 392 3113 liberarique
409 3035 503 3097 lucide
517 3037 668 3172 patelirmt.

153 3146 354 3172 m

174 3209 175 3215 ’
204 3213 228 3274 ⁴)
253 3186 419 3281 (16446615,
443 3217 488 3270 25.
557 3217 595 3280 “1
619 3219 721 3284 Accipe
746 3235 777 3272 ao
801 3221 825 3273 44
850 3221 885 3274 sit
908 3221 1074 3286 figmentum,

153 3281 1075 3356 46164446.Λ661.“*1Ρ464144464.4414441.6466616466·

154 3353 217 3408 dnm
234 3363 323 3406 censet
339 3353 479 3406 4166146464
493 3352 611 3422 pinyti.
630 3371 654 3410 e.
673 3371 771 3412 mores.
840 3357 870 3420 11
895 3356 966 3410 niu.
988 3373 1015 3410 4.
1029 3358 1074 3414 261.
1133 3365 1137 3381 ’
1208 3421 1209 3430 1
