2406 3822
75 199 943 289 cmn.1nn.onnnsr.mcnn.n1n.m.pausa.
963 177 1015 270 aa

75 379 201 453 matice3
236 377 305 454 quia
327 373 415 435 huius
435 395 509 451 pars
524 385 711 452 antegetqua
726 374 831 434 nnius.
881 372 1007 436 Habitus

76 463 228 522 autemut
242 483 301 519 uon
316 461 451 536 indigens
462 463 609 534 recipitur,
622 480 710 536 quem
720 460 884 518 admodum
892 472 921 520 et
930 463 1006 537 iguis

76 547 183 606 caloris
197 566 260 604 non
276 563 378 622 egens,
399 547 464 619 ipse
478 547 556 605 enim
571 545 625 624 sibi
644 545 722 604 calor
736 555 791 618 est,
812 555 923 619 partem
939 565 1005 621 par-

42 707 49 712 ·
76 631 253 708 ticipationis
269 639 396 706 praestat
413 632 467 707 eis,
488 631 539 706 qui
556 629 693 690 accedunt
711 629 748 689 ad
765 630 858 690 illum.

433 731 437 740 ⁶
970 717 1046 766 m.

82 780 185 866 Quare
201 786 352 859 octoginta
373 795 402 841 ct
413 801 477 856 'ml
496 801 640 842 (nmmum
660 801 718 842 csse
729 777 890 842 Atrabas
902 779 975 844 dici·
989 791 1050 846 206

118 883 182 943 tm,
206 889 299 948 quum
313 869 478 952 peperdtei
496 865 591 942 Agar
609 865 780 928 bwaelcrn?
802 871 830 939 *)

166 973 190 1040 §3
216 977 271 1029 38.
314 967 394 1048 Quia
414 965 500 1042 illud,
528 967 609 1042 quod
629 969 760 1042 sequitur
776 969 929 1045 udoginta,
951 989 1006 1028 sex

79 1053 228 1126 videlicet,
250 1055 361 1128 primns
379 1061 424 1112 est
441 1053 584 1126 perfectus
600 1071 756 1126 uumerus,
783 1073 837 1128 par
857 1056 918 1113 suis
939 1075 1005 1129 par·

77 1139 154 1198 tibus
173 1148 204 1198 et
221 1141 335 1214 primns
358 1157 411 1212 par
425 1139 536 1212 impar,
565 1147 714 1211 acceptans
734 1137 844 1212 aliquid
862 1140 948 1198 etiam
968 1139 1005 1198 de

79 1242 179 1282 caussa
204 1221 342 1282 effectiva
366 1222 525 1282 secundnm
548 1221 756 1282 redundantem
778 1227 830 1294 (sc.
850 1225 1004 1298 imparem)

78 1317 166 1382 atque
182 1328 228 1374 exv
237 1307 383 1368 materiali
400 1315 429 1366 et
444 1305 577 1366 affectiva
593 1307 751 1366 secundum
767 1327 881 1382 paretur
914 1328 1004 1382 quare

78 1404 106 1450 et
130 1395 210 1458 inter
235 1394 360 1452 maiores
387 1392 603 1472 antiquissimos
624 1391 758 1452 nonnulli
776 1395 1003 1470 matrimonium,

78 1477 126 1534 alii
142 1475 341 1552 harmoniam,
369 1476 451 1534 illum
468 1477 585 1536 dixerec
617 1475 772 1552 theologus
791 1488 888 1536 autem
905 1488 1004 1538 noster

78 1560 178 1621 mnudi
195 1583 314 1638 quoque
332 1562 505 1620 creationem
518 1561 640 1620 deduxit
655 1563 686 1626 in
701 1581 757 1621 sex
772 1559 869 1634 (dies).
899 1560 1001 1622 'Octo-

78 1649 158 1722 ginta
189 1667 263 1706 veru
290 1648 368 1706 inter
394 1665 531 1706 numeros
555 1647 680 1721 perfecta
707 1643 857 1706 hannonia
884 1647 1001 1722 gaudet,

78 1731 243 1790 coalescens
263 1751 304 1790 ex
325 1731 438 1810 dnobus
453 1733 602 1807 generosis
619 1731 765 1790 diametris
784 1731 891 1807 duplici
909 1731 1001 1806 tripli·

77 1817 160 1891 cique
179 1817 295 1874 ratione
313 1817 397 1874 iuxta
417 1815 543 1892 figuram
559 1815 689 1875 laterculi
704 1825 828 1890 quatuor
848 1815 999 1893 ordinum3
1063 1860 1070 1874 „
1138 1843 1141 1852 ¹

76 1911 200 1974 quatuor
219 1911 319 1960 autem
342 1919 443 1960 omnes
466 1901 633 1960 collationes
652 1902 685 1958 in
702 1920 734 1960 se
757 1887 914 1973 concludit,
943 1903 999 1960 ari-

76 1983 260 2060 thmeticam,
290 1987 512 2062 geometricam,
541 1983 747 2044 harmonicam.
800 1983 932 2044 Primum
958 2005 998 2044 ex

75 2068 253 2146 duplicibus,
276 2079 309 2128 nt
325 2089 372 2130 rr.
391 2089 466 2131 rm.
481 2089 530 2152 ¹2¹·
548 2089 765 2147 111.,quorum
781 2071 948 2146 compositio
964 2068 998 2130 lit

76 2175 182 2215 xxxv.
215 2152 351 2214 Semndo
366 2175 407 2214 ex
420 2153 579 2230 triplicibus
594 2175 640 2214 vr.
654 2173 704 2214 11.
720 2173 784 2214 111.
800 2175 909 2229 xmu,
924 2175 997 2229 quo-

72 2261 136 2298 rnm
151 2260 272 2300 summa
288 2241 383 2316 agitarr
397 2259 478 2300 xcv:
506 2260 547 2299 ex
564 2239 678 2300 duobus
690 2249 788 2298 autem
802 2238 859 2314 hia,
880 2241 996 2316 triginta

49 2317 52 2324 Δ
74 2327 202 2400 quinque
220 2326 359 2400 inquam,
392 2335 421 2384 et
438 2345 479 2384 ex
496 2323 685 2400 quandraginta
710 2326 840 2400 quinque
859 2325 996 2398 impletur

74 2429 212 2470 numerus
223 2411 375 2486 octoginta.
419 2407 545 2488 Quando
556 2411 644 2468 etiam
658 2405 810 2486 theologus
821 2409 881 2482 ipse
893 2407 994 2486 (Moy-

73 2501 127 2566 ses)
138 2495 235 2570 coepit
249 2494 388 2554 divinitus
403 2493 552 2556 oraculum
564 2503 779 2569 praeceptorum
792 2493 896 2565 (licere,
918 2505 994 2552 octo-

72 2581 149 2656 ginta
170 2598 315 2639 annorum
334 2588 406 2639 erat.
459 2575 575 2638 Primus
594 2586 690 2638 autem
706 2579 850 2638 exsistens
868 2579 994 2638 nationis

73 2675 185 2732 nostrae
204 2665 290 2722 iuxta
311 2663 408 2740 legem
432 2664 613 2724 circrrmcisue
642 2663 713 2732 (vel
741 2663 932 2736 circumcisus,
954 2679 984 2725 P.
996 2681 1032 2729 A.
1081 2697 1083 2703 s

72 2760 167 2810 octaua
182 2749 256 2828 die),
267 2751 309 2820 **)
330 2751 437 2809 virtute
449 2758 598 2823 praestans
608 2746 659 2808 ille
674 2767 781 2806 nomen
796 2749 871 2826 gerit
885 2768 956 2823 gau·
973 2751 1036 2809 207

74 2832 121 2909 dii,
146 2832 269 2894 lsaacus
287 2833 382 2914 dictus
399 2829 562 2906 Chaldaice,
591 2831 624 2891 id
646 2841 691 2892 est
713 2833 803 2909 risus,
830 2841 932 2892 natura
947 2833 992 2888 ni-

73 2919 187 2994 mirum,
217 2937 294 2994 qrrae
316 2918 353 2978 de
370 2917 504 2978 omnibus
527 2917 652 2978 laetatur
671 2917 846 2993 (adridet),
867 2915 990 2976 nullate·

73 3021 123 3062 mas
142 3023 234 3080 aegre
250 3003 359 3076 ferens,
387 3003 513 3077 quaein
532 3001 642 3062 mundo
663 3011 799 3080 aguntur,
828 3001 880 3062 sed
893 3002 1003 3078 potius,
1102 3031 1105 3038 »

73 3089 248 3166 mmplaceus
261 3089 317 3148 sibi
327 3087 457 3148 desectis
465 3087 661 3168 tmuquamde
672 3087 746 3146 bene
757 3099 786 3146 et
794 3087 901 3146 utiliter
910 3088 989 3146 actis.

71 3220 273 3238 m·-

116 3287 143 3353 ‘)
160 3265 259 3342 (ienta-
278 3289 321 3350 tc,
339 3289 383 3340 td.
453 3285 491 3348 ”i
516 3287 656 3340 anamma
677 3285 720 3337 ltic
745 3289 873 3350 quaedam
897 3289 987 3337 dceatc
1089 3261 1092 3265 ”

75 3367 162 3409 miei.
1045 3397 1049 3405 ,
1097 3391 1099 3398 s
