2406 3822
205 243 251 313 eo
270 241 382 308 amn.
390 241 477 308 mn.
489 239 835 328 ouaasrmcnu.
849 243 890 309 n.
898 243 958 310 111.
975 245 1004 330 a
1018 251 1130 314 aaa.

208 435 337 476 annuere
364 423 498 490 parentes
518 415 618 490 ipsos,
648 414 716 474 illoc
737 417 815 474 enim
836 425 938 491 putant
959 415 1130 492 despexisse

207 499 377 560 mandatum
397 499 481 575 legis.
524 497 590 558 Alii
610 521 702 577 vero,
729 501 852 559 nimium
872 521 1026 560 excessum
1047 504 1129 560 aiunt

207 604 352 658 uaurpaua
372 603 476 666 anper
504 584 649 658 infantes,
680 594 714 644 ut
740 585 873 661 videtur,
905 587 1062 662 imposuit,
1093 596 1128 646 ut

145 731 148 736 ,
207 668 298 729 adulti
318 668 510 732 dissolventes
540 667 637 745 legem
666 669 846 730 irrevocabili
866 669 952 728 modo
973 671 1127 730 subiicien-

206 763 255 814 tur
274 773 384 830 poenae
405 754 615 814 severissimae.
658 750 771 814 Littera
792 751 960 814 haecdicit:
988 753 1025 814 ad
1043 775 1126 814 men-

209 848 269 898 tem
288 857 378 912 vero,
406 837 552 897 masculus
571 839 603 895 in
623 839 706 897 nobis
728 841 857 913 apprim
877 839 1040 898 intellectus
1060 849 1124 899 eet:

188 975 191 986 .
206 920 285 982 bunc
297 933 396 984 octavo
411 922 482 994 (die)
496 922 576 982 iubet
588 923 751 982 circrrmcidi
759 933 876 998 propter
890 925 1030 982 rationem
1041 934 1127 982 antea

207 1006 368 1084 redditam,
394 1027 454 1066 non
469 1006 506 1066 ed
525 1005 612 1066 aliam
626 1017 757 1083 partem,
776 1008 829 1068 aed
843 1028 958 1067 caruem
971 1009 1125 1086 praeputii,

207 1091 366 1169 symbolice
393 1100 497 1176 notans
526 1109 576 1153 eac
596 1112 670 1174 quae
697 1094 834 1156 incarne
855 1102 954 1167 postea
975 1091 1051 1152 fiunt
1071 1111 1125 1154 vos

205 1176 331 1251 luptatec
354 1185 383 1234 et
402 1177 537 1251 impetus.
580 1177 675 1248 Quare
692 1185 721 1237 et
740 1179 880 1236 rationem
899 1177 1059 1254 legitimam
1079 1178 1126 1234 iu·

151 1284 156 1290 ’
206 1259 304 1334 ducit,
329 1280 470 1336 monens,
498 1256 695 1338 intellectam,
725 1263 777 1336 qui
797 1283 856 1320 non
886 1263 923 1320 eit
943 1262 1126 1330 circumcisne

206 1349 443 1422 expurgatusque
470 1365 510 1404 cx
540 1365 642 1419 carne,
674 1347 824 1421 carnisque
850 1347 950 1423 vitiis,
981 1349 1127 1422 corrumpi

206 1437 236 1490 et
265 1449 323 1502 non
353 1449 437 1504 posse
465 1429 582 1489 salvari.
638 1427 707 1490 Non
735 1449 799 1490 esce
825 1440 922 1488 autem
943 1430 979 1490 de
1006 1429 1125 1492 homine

205 1533 388 1590 sermonem,
417 1513 468 1572 aed
489 1513 526 1572 de
547 1513 695 1572 intellectu
716 1515 867 1572 sanitatem
888 1515 1062 1592 recipiente,
1092 1517 1126 1574 in

206 1597 393 1674 sequentibus
409 1597 495 1674 dicit,
517 1611 718 1672 corrumpetur
734 1600 834 1656 cariam
850 1596 906 1656 allo
914 1641 925 1673 ,
946 1619 1006 1657 non
1019 1619 1125 1675 corpus

203 1681 365 1742 humanum
378 1691 428 1740 aut
445 1679 550 1756 bomo,
571 1681 623 1742 ced
634 1683 729 1740 anima
748 1691 777 1742 et
798 1703 891 1744 mena.
944 1681 1124 1745 Undenami
1197 1669 1198 1710 l

205 1765 344 1843 degerere
364 1768 404 1826 ait
423 1787 496 1827 aaa:
525 1787 598 1844 gens
619 1768 854 1843 enimuniversa
875 1769 1037 1844 incorrupta
1059 1778 1123 1847 eat3

204 1872 275 1930 ergo
304 1851 341 1912 ab
362 1853 571 1929 incorruptione
597 1853 628 1911 in
649 1853 860 1930 corruptionem
889 1853 982 1914 fertur
1001 1873 1124 1930 pravae.

207 2004 270 2064 Gur
290 2002 380 2065 dabat:
412 2005 493 2066 aaa
521 2027 603 2067 nacor
629 2021 683 2068 tao
708 2027 769 2067 noa
787 2004 936 2067 moretm
956 2003 1054 2082 Sara,
1086 2021 1162 2074 M.
1196 2073 1197 2076 ,

244 2087 298 2148 ced
315 2089 414 2150 Sarra
433 2094 489 2150 erit
508 2094 569 2152 eirea
587 2111 700 2152 aoruca.
712 2094 741 2164 *)
899 2119 905 2129 ¹
1097 2097 1164 2154 229

290 2210 314 2279 l.
337 2211 388 2270 53.
431 2206 562 2271 Ruraum
588 2209 721 2268 nonnulli
748 2229 790 2268 ex
817 2209 1018 2284 insipientibus
1045 2207 1124 2268 deri·

204 2287 292 2350 deant
308 2293 395 2352 unius
409 2293 544 2354 elementi
559 2293 763 2370 appendicem,
783 2304 854 2370 pata
864 2294 1019 2354 centenarii
1040 2297 1124 2364 (nam

201 2373 279 2450 apud
296 2373 349 2438 Gr.
367 2375 408 2439 R.
424 2373 461 2459 ρ’.
483 2392 598 2440 centum
618 2379 796 2456 significem:
823 2400 881 2454 qno
901 2379 1035 2440 ludentes
1055 2375 1123 2438 bal·

201 2459 386 2539 luciuantrn,
416 2465 601 2524 utnolentea
630 2466 750 2524 interius
780 2466 915 2526 meritum
935 2484 1033 2524 rerum
1053 2483 1121 2536 per·

165 2605 169 2610 ,
200 2546 310 2620 spicere
324 2549 511 2624 veritatisque
528 2549 685 2624 vestigium
703 2559 810 2608 tenere.
853 2545 932 2606 Illud
947 2549 1025 2606 enim
1046 2547 1121 2616 (ele-
1195 2621 1196 2628 ἵ

200 2639 331 2690 mentum
351 2651 376 2692 r.
399 2629 444 2712 p.)
456 2632 544 2708 (qnod
561 2633 648 2692 unius
666 2633 802 2694 elementi
817 2631 1042 2694 additamentum
1064 2653 1121 2706 pu·

199 2721 277 2773 tutan
285 2733 359 2790 care,
381 2724 470 2776 totam
482 2715 662 2777 harmoniam
672 2718 792 2794 genuit:
813 2737 866 2791 pro
875 2717 957 2775 tenui
966 2735 1119 2794 magnum,

199 2807 230 2857 et
256 2819 309 2873 pro
328 2801 493 2875 particulari
512 2801 648 2878 generale
658 2843 669 2876 ,
696 2811 726 2862 et
746 2822 800 2877 pro
820 2799 934 2859 mortali
954 2799 1119 2860 immortale

197 2902 325 2958 prorant.
370 2883 517 2963 Quoniam
530 2907 583 2961 per
597 2905 690 2944 unum
709 2906 745 2958 r,
773 2895 874 2945 vocata
891 2883 993 2957 Sora„
1018 2884 1118 2958 expli·

197 2970 471 3043 caturpotacipotuo
485 2991 581 3046 metrop
603 2969 660 3030 duo
675 2979 773 3029 autem
793 2975 849 3044 (rr,
871 2966 970 3042 Sarra)
979 2971 1118 3044 praecepa

198 3051 345 3124 (mulier)=
382 3074 440 3128 quo
461 3073 531 3130 ergo
552 3055 763 3130 mangonum
790 3052 900 3114 haece
927 3054 1115 3129 seinvicem,

196 3135 378 3196 attendamur
406 3138 500 3198 liceat.
553 3135 590 3197 ln
610 3159 659 3198 me
679 3139 820 3214 capientia
842 3133 919 3219 (aive
939 3135 1115 3216 prudentia),

195 3219 355 3297 integritas·
365 3223 441 3293 (aive
457 3224 676 3302 temperantia),
695 3225 806 3286 iuatitia
823 3233 853 3286 et
868 3220 1015 3297 fortitudo,
1034 3221 1116 3298 prin·

245 3399 387 3465 *beonoc
405 3403 448 3468 17,
464 3405 508 3460 16.
