2418 3812
52 169 1003 276 ¹anstrannum-armsaumatam-roa.tat
1060 203 1064 207 -

71 341 147 406 daus
166 352 264 404 autam
276 341 437 420 propbeta,
458 345 541 405 cuius
557 345 657 420 organi
670 312 811 420 blectrom
824 341 1003 406 verbumsst

72 431 148 506 eius,
172 429 355 504 percutientis
370 428 519 503 pervalde
535 429 714 504 artissimam
728 431 889 490 armoniam
905 449 1001 512 mum,

71 535 126 591 per
142 533 235 592 quam
253 513 344 576 edicta
360 513 530 574 nuntiantur
547 532 682 588 supervia.

73 693 226 782 (9.197.)
273 695 692 784 Qnondotaaotosyttto:
713 695 828 774 Accipe
846 717 898 759 aas
916 711 1001 760 mm

111 779 312 862 pharetram,
333 797 361 841 et
381 789 506 844 mm?

160 883 250 944 Dicto
264 880 407 944 declarato
422 884 560 960 allegoria
576 883 643 944 tulis
655 893 710 943 est.
750 879 909 959 subsignat
921 885 1001 944 enim

74 991 201 1048 pravum
218 967 293 1028 nihil
306 967 455 1044 pacificum
470 971 595 1043 sentire,
615 969 742 1045 gaudere
757 967 885 1043 praelio,
906 977 935 1026 at
949 988 1001 1044 pa·

74 1067 173 1116 ratura
188 1053 278 1130 belli,
294 1064 401 1112 aratura
416 1053 533 1128 quidam
551 1053 705 1129 audacem,
727 1063 757 1112 et
773 1053 840 1128 pius
856 1052 1000 1126 timidum,

76 1161 135 1200 ono
154 1140 234 1199 anim
257 1139 320 1196 loco
346 1149 478 1198 versatur
497 1139 669 1196 contumatia
692 1147 721 1195 et
741 1137 878 1196 timiditas
902 1147 934 1196 ut
954 1157 1001 1196 so·

74 1245 173 1294 rores,
202 1225 284 1284 cuias
308 1242 396 1281 consa
425 1241 485 1281 non
506 1223 597 1281 utitur
617 1223 705 1280 armis
728 1223 802 1296 aptis
824 1221 1001 1282 constantias

75 1310 197 1383 virtuti,
229 1307 281 1366 scd
304 1309 416 1382 sagittis
434 1327 486 1381 pro
509 1308 610 1366 inertia
631 1305 809 1372 timiditatisr
839 1325 896 1365 uuo
921 1303 1000 1366 cuim

75 1395 231 1454 certamine
247 1391 408 1452 devitantes
422 1390 547 1468 longiter
563 1391 699 1452 ulciscere
711 1387 919 1452 machinantur.

76 1575 114 1659 (i.
138 1573 229 1660 198.)
283 1575 367 1664 Quid
390 1593 452 1640 ectr
484 1577 563 1656 Grpe
587 1575 661 1639 mitt
685 1582 862 1638 mutationem
890 1591 919 1638 et
937 1577 1001 1659 scm
1058 1613 1060 1620 ι

117 1659 192 1722 mibi
212 1661 399 1738 eputamus
420 1685 502 1737 omo,
524 1679 552 1724 et
572 1663 655 1746 offer
671 1659 745 1724 mibi
765 1678 799 1723 ut
818 1660 999 1735 manducan,

116 1762 262 1827 quartem
273 1745 421 1808 teaedtou
441 1763 470 1808 te
490 1752 590 1808 oum
601 1753 672 1808 πιθα·
685 1761 841 1828 antequam
859 1751 999 1806 morior?

162 1862 298 1924 Oratoria
316 1885 405 1943 pars,
433 1878 466 1926 ut
484 1865 556 1926 mihi
575 1867 712 1943 videtur,
731 1865 898 1926 huiusmodi
914 1864 999 1924 iutel-

75 1949 183 2010 lcctum
198 1951 345 2028 suggerit:
367 1951 481 2016 duobm
495 1953 685 2014 existentibus
699 1952 779 2028 filiis,
800 1971 859 2010 uuo
870 1951 951 2010 beni·
962 1967 993 2018 Ρ.
1002 1966 1041 2020 Α.

75 2035 155 2110 volo,
177 2035 268 2096 altero
283 2037 384 2111 noxio,
406 2039 527 2098 noxium
541 2037 709 2098 benedicere
719 2037 793 2110 vult,
814 2041 1035 2100 nonanta-401

76 2119 211 2194 ponendo
233 2120 353 2188 alterius
363 2164 374 2196 ,
401 2121 453 2185 sed
473 2124 524 2198 qui
542 2124 622 2182 novit
636 2121 721 2182 illum
736 2124 822 2190 etiarn
842 2129 999 2196 persalutat

76 2205 283 2264 benedictionis
310 2205 447 2283 dignum:
479 2227 602 2282 pravum
626 2227 697 2268 vero
714 2210 774 2266 suis
787 2204 914 2264 moribus
928 2227 998 2280 pro·

77 2287 236 2348 hibendum
253 2310 305 2364 pro
322 2311 379 2350 una
396 2302 509 2350 tantum
523 2312 574 2368 spe
589 2292 690 2350 salutis
707 2290 819 2350 oracula
836 2291 925 2364 patris
945 2287 999 2348 ha·

76 2373 214 2450 tentem,
233 2394 308 2450 quac
326 2377 382 2434 nisi
394 2377 606 2452 imputaverit,
635 2377 764 2436 omnium
776 2374 849 2433 foret
862 2373 999 2434 intelicis-

77 2459 180 2520 simus.
223 2455 335 2517 Altiori
351 2471 448 2520 autem
469 2481 557 2522 scnm
574 2459 693 2520 dicetur.
735 2457 866 2518 Primum
882 2455 926 2516 illi
950 2457 999 2518 det

78 2537 186 2623 (mmg.
203 2541 254 2602 ilie
268 2541 362 2626 vadit)
376 2565 433 2604 non
453 2544 588 2606 animalia
604 2565 723 2622 capara,
743 2543 795 2604 scd
811 2563 917 2602 venare
933 2562 999 2618 pes-
1036 2599 1040 2606 .

78 2629 150 2686 mma
167 2637 197 2686 ct
212 2628 388 2688 ferocissima
404 2631 494 2704 vitia,
522 2631 564 2688 uti
580 2649 661 2688 more
671 2629 872 2690 immanissimi
887 2626 998 2688 auima-

78 2711 130 2788 tio,
152 2711 306 2772 ulciscatur
319 2714 386 2772 ilias
402 2725 431 2773 at
443 2715 573 2794 perimat.
617 2711 763 2788 Secundo,
784 2723 817 2772 ut
831 2711 999 2787 praevalere

78 2798 186 2874 possit,
207 2817 267 2855 non
288 2807 320 2857 ut
336 2800 363 2856 ei
377 2819 440 2858 mos
453 2809 514 2873 ast,
537 2797 588 2860 scd
601 2811 633 2858 ut
646 2810 755 2876 patrem
769 2799 849 2858 libet.
891 2793 998 2858 Omnis

78 2883 155 2940 enim
174 2901 239 2941 asca
267 2882 400 2956 purdcnti
424 2885 531 2958 optime
555 2904 607 2958 per
625 2884 786 2944 intellectos
810 2893 839 2942 et
850 2899 999 2944 sermones

79 2965 155 3026 stetit
179 2985 286 3026 renuas
307 2971 413 3042 (marg.
430 2978 460 3026 et
480 2965 625 3050 strenuas)
642 2989 753 3044 operas.
794 2963 829 3026 Si
846 2985 916 3044 ergo
933 2986 999 3026 coc·
1115 3017 1121 3028 .

78 3051 151 3125 parit
164 3051 358 3128 pessimorum
370 3069 371 3072 ’
383 3053 519 3110 vitiorum
540 3054 726 3130 voraginem,
748 3061 777 3112 et
795 3072 848 3126 pro
866 3070 930 3112 esca
944 3071 999 3112 sua

78 3135 205 3194 suaviter
216 3133 290 3194 mihi
311 3135 416 3196 condas
428 3146 457 3196 st
471 3135 577 3196 offeras
593 3137 754 3196 amabiliter
764 3135 855 3213 mihi,
876 3135 998 3196 demon·

78 3219 193 3280 suendo
218 3221 305 3282 istam
329 3230 410 3290 tuam
428 3241 566 3298 operam„
594 3219 705 3282 reficiar
724 3221 842 3297 quidem
866 3241 921 3299 ego
939 3223 999 3282 tuis

78 3303 341 3384 detentionibus,
370 3315 460 3396 atqua
482 3304 663 3376 succesibusa
695 3307 803 3384 optabit
824 3317 922 3412 agmon
936 3307 998 3386 ‚tibi
