2406 3822
85 233 297 339 efflictum
307 234 947 322 QUAEST.1Namt.L113.111.§u9.4o.
969 235 1012 304 36

83 411 175 486 primo
192 409 300 470 mnndi
318 409 434 470 conditu
450 431 502 486 per
518 431 551 472 ce
568 410 707 486 produxit
720 421 833 471 notura.
877 407 1011 492 Quadra·

81 499 216 572 gesimns
241 507 341 554 anteon
355 505 511 569 „etnonuu
535 515 675 556 numerus
702 515 742 556 cx
765 497 870 571 septies
891 505 1011 570 septeno

81 592 218 640 constans
236 579 317 638 haud
335 581 442 640 frivola
460 582 535 640 bona
551 581 668 656 indicat,
689 581 741 640 ced
757 583 853 656 potine
866 599 912 656 ea,
934 597 1011 655 quaa
1057 615 1062 631 ·

81 668 222 724 rintrtem
235 664 346 724 liabent
361 675 389 728 et
403 669 572 742 sapientiam
588 667 625 726 od
638 667 773 726 invictam
788 663 1010 726 validissimam·

81 771 138 824 qne
155 752 362 810 constantiam.

84 900 169 985 (laid
188 915 253 961 eet.-
301 899 455 976 Ummium
472 921 573 964 corum
592 923 638 962 ma
657 917 685 962 et
705 916 765 962 cato
784 899 1008 962 immeritam

120 1001 148 1046 et
165 985 519 1068 ponrmfoeducmcum
536 991 673 1048 imermc
692 1001 719 1050 ct
740 991 817 1046 inter
835 1000 865 1046 te
884 984 1008 1056 etmel»

17 1137 21 1145 Ι
121 1069 269 1148 tiplicubo
289 1085 317 1130 te
336 1075 424 1132 nimie
444 1071 551 1133 calda?
572 1079 601 1146 *)

166 1177 193 1244 l.
217 1177 272 1232 40.
316 1172 432 1250 Legem
454 1176 534 1248 ponit
559 1175 674 1233 mortali
695 1175 794 1250 generi
817 1172 1005 1248 familiarium

79 1260 129 1333 qni
144 1260 227 1318 enim
243 1277 303 1316 non
317 1257 405 1317 habet
420 1261 661 1334 participationem
673 1259 799 1318 malitiae
811 1257 1008 1332 immunisque

80 1344 193 1402 ornalo
211 1352 269 1418 est,
297 1343 364 1402 talis
383 1345 438 1402 erit
459 1346 584 1419 perfecte
602 1345 706 1419 bonna,
735 1344 812 1419 quod
832 1343 1005 1418 incorporeit

79 1431 191 1486 naturis
207 1428 359 1502 proprium
378 1438 436 1487 eet:
466 1431 515 1504 qni
537 1449 608 1488 vero
626 1431 656 1488 in
672 1447 788 1504 corpore
803 1438 881 1505 arunt,
903 1445 1004 1486 sectur-

80 1513 149 1570 dnm
171 1533 354 1588 mensuram,
376 1533 434 1588 qua
449 1513 557 1572 malitia
575 1525 728 1590 partesque
742 1515 849 1588 peccati
868 1513 1005 1572 attfctttn·

78 1609 126 1655 tur
141 1599 225 1670 (boni
243 1598 401 1668 (ficantur).
451 1597 597 1674 Apparuit
612 1601 700 1674 igitur
717 1595 836 1657 honesta
852 1597 1004 1657 hominnm

81 1685 150 1756 rita,
173 1703 234 1741 noo
257 1684 432 1741 immanium
448 1684 483 1740 ab
503 1683 682 1760 aegritudine
700 1703 740 1741 ex
755 1685 893 1758 principio
909 1701 1003 1756 tneque
1047 1707 1053 1720 ·

80 1767 248 1840 adfinem,
277 1767 452 1827 acdeorum
477 1770 528 1843 qni
554 1769 590 1827 ab
611 1767 776 1827 infirmitate
795 1766 948 1842 proliciunt
966 1783 1043 1838 M.
1153 1819 1158 1830 .

79 1853 289 1912 insanitatem.
334 1851 434 1931 Quare
448 1852 553 1912 directe
561 1873 594 1912 ac
606 1863 682 1912 recte
693 1852 777 1924 dixit,
794 1865 852 1910 esto
861 1853 964 1910 immu-
982 1857 1044 1920 209

79 1936 212 1997 winae.-
230 1939 302 2014 satis
315 1947 359 1996 est
368 1939 446 2000 enim
456 1939 569 1997 mortali
579 1949 699 1996 naturae
711 1937 747 1996 ad
756 1937 932 2012 felicitatem,
942 1953 1002 1994 nou

79 2042 142 2081 cese
157 2019 383 2099 reprehensum,
404 2043 500 2098 neque
525 2023 635 2098 aliquid
652 2024 861 2098 riutpemticne
881 2021 1002 2097 dignum

79 2105 173 2166 dicere
194 2108 368 2182 facereqne3
404 2129 463 2183 qno
481 2108 557 2166 illico
576 2108 668 2182 placet
687 2109 771 2182 patri.
822 2105 894 2166 Ideo
913 2107 1001 2182 dixit,

81 2191 240 2267 complace
260 2212 359 2250 corum
378 2214 423 2250 me
442 2205 469 2250 et
484 2206 545 2259 esto
557 2191 777 2250 irnmuculcuoe:
806 2192 856 2250 nbi
870 2197 1001 2250 mutuant

79 2278 206 2352 praefert
231 2279 450 2336 conversionem
475 2279 612 2353 assertio3
649 2278 785 2353 qnoniam
806 2276 923 2351 placent
946 2273 1002 2336 dcc

78 2383 141 2421 moa
158 2359 418 2437 reprehensionem
436 2383 493 2422 non
513 2372 650 2437 meretur,
679 2363 730 2437 qni
748 2369 846 2420 atatem
863 2362 1001 2425 immacu·

78 2446 152 2506 latua
179 2455 226 2506 ent
247 2455 276 2506 et
293 2445 510 2521 irreprehensos
533 2447 564 2504 in
589 2446 738 2522 omnibus,
767 2445 885 2504 omnino
909 2445 1001 2518 placet

79 2531 167 2600 (dec).
221 2529 379 2606 Duplicem
404 2531 493 2608 igitur
515 2532 637 2608 matiam
663 2531 814 2605 pollicetur
834 2527 942 2588 donare
961 2529 1000 2600 ei,

78 2618 126 2690 qui
151 2615 191 2674 ab
216 2618 298 2674 omni
320 2617 530 2690 vituperatione
551 2615 716 2674 declinabit:
748 2617 885 2690 primum,
907 2625 1001 2672 cuato-

78 2700 146 2758 dem
170 2699 296 2775 depositi
314 2701 479 2760 divinornm
502 2709 738 2760 tentamentorum
758 2700 798 2758 ait
820 2701 917 2773 ipsum
934 2718 1001 2758 con·

78 2786 215 2861 stituere3
255 2795 284 2844 et
312 2785 417 2846 deinde
442 2787 473 2844 in
499 2785 712 2844 multitudinem
736 2785 853 2844 termini
875 2784 1001 2842 nesciam

78 2887 206 2929 crescere
223 2869 331 2930 facere.
375 2868 454 2930 lllod
472 2872 561 2947 enim,
576 2889 689 2946 portum
701 2867 817 2951 foedae
834 2872 896 2939 (seu
913 2879 1001 2927 teun-

78 2959 220 3026 mentrmc)
242 2973 338 3014 meum
355 2957 434 3014 inter
453 2977 499 3014 nte
516 2969 546 3014 et
565 2969 609 3030 tc,
639 2953 763 3014 ostendit
781 2971 889 3012 munus
907 2963 1002 3012 coeto·

78 3037 144 3098 dioc
165 3040 232 3099 veri
256 3037 384 3099 hominia
404 3039 535 3102 honesti:
565 3059 634 3098 nam
655 3040 759 3100 foedus
777 3038 825 3097 dci
848 3047 940 3097 totmn
958 3039 1002 3096 in·

78 3141 250 3199 corporeum
270 3133 315 3184 est
330 3125 465 3202 verbnm,
486 3125 579 3184 forma
597 3137 626 3186 et
641 3143 777 3185 tnenenra
790 3124 1001 3196 immersorum,
1024 3183 1027 3188 ,

80 3228 136 3282 qua
160 3207 369 3270 mundusisto
394 3209 525 3272 conditae
546 3211 611 3271 tntu
665 3205 719 3271 Bia
743 3219 840 3270 antem
861 3218 1002 3285 repetere,

128 3389 156 3460 ⁶)
174 3393 274 3446 Gener.
294 3395 338 3456 17,
357 3397 380 3445 t.
401 3396 427 3448 2.
