2430 3824
117 242 229 311 rma.
238 222 750 330 rno.ouaasr.1uaxoo.c.
761 247 803 310 11.
816 249 954 354 §.aaa
976 251 1040 316 291

120 381 285 502 Qmfflec:
306 397 378 475 Non
397 413 521 476 mutet
538 413 628 496 adeps
646 411 834 482 eolermitrrtr's
852 441 932 482 aseae
950 439 1040 500 capre

160 497 209 561 od
221 504 375 575 mone*)?‘
532 525 535 530 ·

204 605 226 674 i.
246 606 296 664 15.
329 601 441 663 Littera
458 595 570 664 iussum
583 595 632 666 dat
646 603 760 680 adipem
774 625 809 665 eo
828 605 875 666 die
895 607 1036 682 consumi,

116 689 238 748 materia
259 689 332 746 facta
349 687 447 748 divium
463 690 543 766 igni:
571 691 607 750 ad
620 701 747 750 mentem
764 711 853 766 vero,
876 689 969 766 adipis
984 711 1037 749 na·
1103 757 1107 766 ,

117 773 407 853 tura,‚pinguedinem
428 784 552 849 praestat
576 776 735 836 visceribus
758 777 932 850 ceterisque,
962 795 1038 852 quae

13 905 16 910 .
117 857 297 924 circumdans
311 869 420 916 coercet
434 879 486 918 sua
500 847 675 934 pinguedine
695 861 726 918 in
743 861 978 936 perpetuitatem,
1000 879 1039 920 ne

117 943 251 1001 arescens
281 943 410 1001 celeriter
435 943 623 1002 dissolvatur:
665 941 743 1024 Quia
766 947 816 1019 qui
838 943 1039 1004 humiditatem

117 1027 304 1102 pinguedinis
324 1025 427 1102 habet,
458 1037 605 1102 tamquam
623 1029 704 1090 vitali
725 1029 786 1087 cibo
806 1029 892 1086 alitur
913 1027 1039 1088 humidi·

117 1119 188 1170 tate.
231 1105 333 1189 Itaque
349 1111 413 1170 vult
424 1132 476 1186 per
489 1111 656 1188 symbolrun
667 1113 826 1186 declarare,
849 1133 964 1172 omnem
978 1115 1040 1171 ani·

117 1215 219 1271 mam,
241 1217 329 1270 quarn
348 1197 439 1270 pietas
456 1197 650 1273 pinguefacit,
680 1217 732 1256 sua
747 1198 870 1274 mystica
886 1195 1041 1272 divinaque

117 1280 225 1356 pietate
249 1283 411 1338 insomnem
430 1293 543 1345 caecet
563 1281 740 1358 vigilantem.
758 1281 795 1340 ad
812 1283 953 1341 visionem
974 1283 1041 1340 visu
1118 1341 1119 1349 ,

119 1360 285 1448 diguorum'.
336 1359 487 1424 Transitus
511 1375 606 1425 autem
632 1367 685 1425 iste
706 1361 843 1448 (Pascha)
862 1365 975 1424 animae
994 1385 1041 1426 so·

118 1443 254 1510 lemnitas
274 1457 317 1508 est
336 1458 365 1508 et
379 1449 518 1509 festorum
535 1453 713 1526 maximum,
744 1460 859 1525 ternpus
875 1471 962 1510 verae
979 1449 1059 1510 lae·-

77 1609 80 1616 1
119 1535 223 1611 titiae,
239 1555 327 1610 quam
346 1555 404 1592 non
423 1531 535 1594 merum
552 1531 697 1618 (vinum),
720 1536 771 1594 sed
790 1537 884 1596 sobria
901 1537 1040 1610 sapientia

118 1615 197 1680 facit.
250 1616 365 1678 Horum
384 1622 462 1678 enim
491 1622 616 1695 primmn
642 1623 786 1680 ebrietatis
810 1632 839 1679 et
865 1621 1039 1695 petulantiae
1072 1671 1077 1676 .

120 1723 220 1765 taurese
242 1713 301 1778 est,
330 1701 452 1762 alterum
475 1713 545 1764 vero
565 1707 725 1764 sobrietatis
741 1715 769 1764 et
788 1713 863 1763 recte
885 1703 1040 1781 peragendi

120 1790 227 1867 omnia.
272 1787 360 1867 Quod
373 1791 397 1848 si
415 1791 501 1847 etiam
514 1792 707 1864 superveniet,
729 1788 759 1847 id
773 1789 850 1864 quod
866 1797 1040 1847 transactum
1063 1786 1065 1795 '

119 1882 185 1949 est,
221 1883 250 1932 et
270 1873 387 1948 aliquod
411 1894 511 1933 semen
533 1873 672 1948 mortale,
704 1875 940 1948 improsperitatis
963 1893 1040 1932 erra·

119 1967 270 2044 mentum,
284 1957 314 2016 id
331 1969 374 2018 est
389 1961 493 2036 mentis
509 1979 639 2038 somnus,
661 1978 719 2018 nou
736 1959 852 2035 lougius
868 1957 1038 2034 durabit**).

137 2097 141 2100 ·
367 2077 370 2084 '
404 2089 406 2096 ¹
960 2117 962 2122 ,
1001 2077 1033 2126 P.
1043 2067 1080 2117 A.

123 2139 209 2226 thid
226 2156 285 2203 est:
322 2141 411 2228 (laod
427 2149 454 2204 si
474 2142 619 2206 cudrbodo
639 2141 768 2206 audieris
787 2165 881 2206 nocem
900 2165 992 2204 nocam
1013 2142 1077 2204 480
1104 2160 1111 2168 ·

162 2241 191 2308 et
211 2227 324 2308 faceis
346 2233 459 2304 mucio,
490 2251 682 2310 quoacunque
711 2227 776 2289 dico
802 2227 875 2303 tibi,
906 2231 1039 2291 iuimicus
1095 2269 1098 2277 ·

125 2323 126 2328 ’
162 2331 213 2372 ero
232 2314 357 2372 inimicis
377 2319 435 2374 aab
455 2329 483 2374 et
504 2313 678 2374 crdrmeobor
698 2311 784 2390 (iis),
812 2316 864 2392 qui
884 2310 1038 2372 admatur-

162 2409 213 2456 taor
232 2395 377 2479 tibi***)?
605 2444 607 2447 -

206 2498 229 2569 §0
241 2503 292 2558 16.
335 2497 415 2578 Quia
430 2499 564 2558 nonnulli
577 2495 794 2558 audientesnou
811 2495 948 2575 audirmt',
979 2497 1038 2555 imo

114 2580 180 2642 'non
197 2581 311 2641 audisse
324 2602 356 2641 se
371 2583 497 2660 fingunt,
519 2583 680 2659 designavit
694 2583 833 2659 apposite,
854 2583 880 2642 si
895 2581 1038 2640 audiendo
1104 2647 1125 2665 ,-

119 2665 258 2728 audiretis
277 2685 388 2726 vocem
399 2669 510 2745 deii),
538 2689 598 2744 quo
617 2667 716 2743 paullo
744 2678 809 2726 ante
827 2667 934 2726 dictum
950 2685 1037 2744 auge·
1126 2738 1128 2741 .

119 2751 184 2810 lnm
199 2753 428 2810 existimandum·
443 2765 487 2812 est
501 2753 654 2830 denotare3
684 2753 734 2828 qui
748 2753 827 2835 enim
842 2751 878 2809 ab
901 2751 956 2810 isto
968 2747 1037 2808 dici-

119 2845 169 2896 tur
182 2833 333 2912 propheta,
356 2837 480 2913 angelus
494 2847 538 2896 est
548 2839 695 2898 verenter.
739 2833 865 2894 Necesse
874 2845 917 2893 est
927 2853 995 2910 ergo
1010 2835 1038 2902 ei

119 2921 172 3000 qui
185 2919 327 2981 audiendo
344 2922 434 2998 audit,
454 2921 485 2981 id
502 2932 545 2980 est
556 2929 718 2982 mactanter
729 2920 828 2992 recipit
839 2918 928 2992 'dicta
951 2937 1037 2992 opera

119 3025 238 3080 voque
262 3025 296 3064 ea
321 3006 473 3080 perlicere:
510 3027 578 3067 nam
605 3005 746 3066 sermonis
772 3002 845 3062 fides
870 3021 956 3076 opera
982 3013 1036 3061 eat.

120 3086 192 3172 Qui
203 3109 274 3150 uero
291 3089 372 3154 dictis
383 3091 579 3175 consentiens,
606 3092 639 3148 in
656 3107 772 3164 operam
788 3085 864 3146 ducit
875 3083 1036 3145 ordinatum
1073 3135 1077 3146 .

172 3253 199 3316 ⁰)
215 3241 311 3308 Exod,
323 3257 371 3318 23,
389 3255 431 3308 18.
500 3255 542 3315 “l
557 3235 666 3314 Dubitat
681 3256 821 3306 Auchetae
837 3266 900 3304 num
915 3251 967 3303 toci
985 3251 1053 3300 um·

70 3377 80 3384 ξ
119 3321 233 3374 nemim
249 3326 406 3376 sententffim
422 3323 539 3374 telidter
556 3323 750 3388 explanaverit⁰¹
817 3319 868 3379 an,
887 3318 973 3370 Exod.
991 3319 1035 3378 23,

40 3407 47 3414 ·
119 3391 166 3476 22.
235 3395 262 3458 ᾖ)
281 3394 387 3458 Legitur
402 3387 1069 3518 noctragmentnmrolabpffdeed.nonme.,
