2432 3820
90 209 1022 350 amniumouremuvpermansum-ur.ur

91 433 284 506 severantia,
314 431 467 492 iratenest
486 432 588 493 illiusr
619 433 736 510 mando
764 455 836 496 vero
856 435 1020 498 dicionem

91 537 167 578 nem
189 537 224 576 ac
245 517 436 576 divulsionem
457 520 516 578 iam
537 520 657 595 cogitat,
688 519 864 599 demutavit,
886 533 916 581 et
936 523 1021 582 dimi-

91 605 162 662 nuit
188 602 436 678 benedictionem,
463 601 581 677 dicens,
610 613 672 664 esto
697 606 728 662 in
749 605 892 682 myriada.
936 605 1020 668 (iete-

93 709 166 746 mm
187 687 258 762 quid
282 687 435 762 impedivit
462 699 598 764 orantes,
615 699 649 748 ut
671 709 729 748 non
753 691 903 750 umdnuis
925 695 1021 768 potins

95 771 277 848 applicarent
304 775 482 849 orationem,
516 793 605 850 quam
635 775 687 833 eit
720 771 866 856 Quoniam
891 778 1021 838 civitates

95 859 233 917 inimicae
258 857 417 934 symbolice
441 867 509 917 sumt
533 857 565 918 in
591 858 675 921 uobis
693 859 769 918 mala
792 871 821 919 et
840 862 1020 938 singulorum
1058 879 1074 904 ⁸

95 944 237 1002 vitiorum
262 944 439 1002 incursiones
455 965 507 1020 pro
526 943 592 1020 lege
612 943 751 1004 habentes
771 946 951 1020 iniquitatem
969 945 1024 1020 (ad

95 1024 217 1086 verbum
231 1027 305 1103 legis
327 1029 531 1102 privationem)
555 1039 584 1087 et
596 1029 730 1104 politicen
752 1029 1009 1164 fraudulentam?
1027 1111 1052 1160 Δ

96 1174 202 1262 (Quid
215 1180 255 1236 sit
268 1176 517 1255 asceuderosuper
531 1177 655 1239 conrados
664 1183 718 1250 *)?
750 1178 833 1264 Quae
846 1193 914 1238 sum
929 1203 983 1240 oo·
1000 1183 1061 1243 348

140 1261 248 1336 oilbw,
281 1260 448 1342 qoem
473 1284 593 1340 ungens
618 1262 751 1326 Rebecca
781 1262 908 1324 emendo?
934 1285 1021 1341 super

140 1346 267 1406 concolor
277 1352 318 1420 **)
329 1355 344 1407 i

189 1452 213 1519 l.
233 1455 303 1510 136.
347 1447 516 1512 Ascendere
540 1452 664 1512 camelos
683 1473 793 1512 morem
809 1465 837 1511 et
851 1452 1021 1530 religionem

96 1533 208 1592 iudicat
235 1553 371 1609 superare
398 1539 523 1611 speciem
546 1539 762 1614 memorialem;
793 1539 929 1612 quoniam
955 1561 1021 1614 per·

98 1623 264 1678 severantia
281 1631 401 1696 cognata
415 1624 570 1683 memoriae
594 1633 659 1700 est,
682 1635 710 1682 et
729 1625 883 1682 memoriae
902 1625 1021 1700 symbo-

97 1703 181 1776 lum,
211 1715 244 1762 ut
267 1725 353 1778 saepe
376 1706 569 1784 dictumest,
595 1707 723 1766 camelus
741 1716 793 1766 est.
846 1705 962 1766 Verum
992 1727 1022 1767 a·

10 1821 11 1826 1
100 1788 260 1861 scendere,
287 1787 361 1846 nihil
378 1791 457 1850 aliud
483 1803 547 1870 est,
578 1794 635 1851 uisi
653 1812 739 1867 supra
768 1791 937 1850 memoriam
956 1813 1022 1868 per-

101 1883 197 1946 stare,
226 1893 286 1931 uon
311 1893 381 1934 vero
404 1896 538 1936 somnum
569 1877 721 1936 oblivionis
749 1877 911 1952 imaginari.
955 1875 1022 1935 An·

100 1958 185 2017 cillae
205 1979 276 2018 vero
302 1979 403 2019 servae
431 1961 573 2037 quaedam
600 1971 667 2021 sumt
690 1963 940 2037 perseverantiae,
979 1971 1022 2020 te·

100 2063 190 2102 uerae
215 2043 377 2118 mollesque
400 2055 428 2104 et
449 2047 548 2106 faciles
564 2047 601 2105 ad
622 2046 789 2106 discendum
811 2055 948 2120 naturae,
970 2067 1020 2121 pa·

100 2139 184 2188 ratae
200 2140 406 2204 promptaeque
426 2131 463 2190 ad
477 2131 610 2192 dominae
623 2133 782 2190 servitium.
827 2125 951 2190 Nomina
971 2151 1022 2192 au·

100 2223 161 2272 tem
183 2209 351 2272 ancillarum
368 2219 599 2289 perseverantiae
611 2225 694 2292 sunt,
716 2217 956 2293 impropendens,
978 2217 1023 2274 in·

101 2297 278 2356 declinatum
296 2300 327 2355 in
345 2319 434 2356 uuam
454 2311 565 2376 partem
574 2343 584 2375 ,
606 2302 724 2360 minime
744 2299 888 2358 declivum
909 2301 940 2358 iu
957 2319 1023 2358 cou-

91 2375 241 2462 marm,
267 2383 478 2460 impoenitens,
506 2385 704 2460 immutabile,
734 2383 903 2442 indifferens
915 2413 938 2459 ,·
957 2403 1023 2442 con·

102 2476 200 2542 stans,
221 2467 284 2525 basi
306 2467 417 2546 lixum,
443 2471 593 2546 invictum,
615 2477 743 2544 rectum3
766 2477 795 2527 et
819 2487 1019 2542 quaecumque
1041 2539 1048 2550 ¹

100 2549 207 2610 horum
216 2553 320 2612 fratres
334 2563 413 2630 sunt,
435 2555 485 2629 qui
499 2555 616 2630 cupiunt
625 2553 757 2614 stabilem
769 2553 1025 2628 perseverantiam.

107 2699 192 2788 Quid
215 2715 275 2764 est:
307 2702 654 2780 Acuplauxodolesoero
673 2703 833 2766 Rebeccam
853 2702 925 2763 obiit
940 2705 1023 2774 ***)‘l

143 2798 151 2810 ⁸
190 2807 212 2875 l.
238 2812 310 2866 137.
354 2804 451 2885 Quem
470 2806 507 2865 ad
523 2807 642 2866 modum
655 2808 732 2882 apud
750 2807 933 2865 instructores
954 2804 1022 2862 dici-

102 2909 169 2949 mus
190 2892 342 2964 proximos
369 2897 398 2950 et
415 2891 570 2966 discipulos
587 2891 691 2951 debere
715 2893 840 2966 occipere
857 2887 1022 2964 intelligen-

153 3089 178 3147 ‘)
197 3091 275 3140 Haeo
290 3092 364 3142 nucis
380 3094 501 3154 inclusa,
527 3107 595 3155 qnae
617 3096 710 3143 desunt
726 3092 756 3142 in
773 3091 837 3141 cod.
856 3089 913 3149 A„
937 3091 1024 3139 collo-

103 3167 161 3210 cant
179 3159 266 3212 codd,
293 3161 324 3210 G.
343 3171 370 3210 et
395 3164 428 3211 D.
446 3165 536 3222 paullo
551 3161 678 3220 inferius,
703 3163 751 3208 sub
776 3157 1024 3208 initinmnituirnrn

107 3225 255 3277 dotationis
272 3227 407 3280 aPlrilone
421 3239 574 3290 coaptatos:
593 3229 640 3278 nbi
653 3226 925 3278 cinanmomum
942 3224 1024 3274 inter-

101 3297 240 3358 rogatione
263 3295 359 3345 similia
383 3301 464 3346 verba
489 3296 632 3347 constituit.
681 3295 748 3344 Utnt
765 3301 822 3353 est,
847 3293 945 3344 solutio
968 3291 1025 3352 ipsa

102 3365 187 3426 exigit
210 3361 341 3438 imprimis
367 3368 465 3414 hancce
497 3363 728 3427 interrogationem
753 3361 970 3424 praemittendam
994 3359 1025 3406 in

101 3431 410 3498 principioqucestionis.
436 3429 524 3484 Auel.
552 3431 700 3492 “litones
714 3430 814 3494 24,ss
849 3428 899 3486 m)
913 3427 1033 3505 Ibidem..
1118 3465 1123 3474 r

755 3495 827 3560 Nu
