2432 3820
85 188 87 192 ⁵
128 176 131 185 s
185 181 365 308 canum.
380 179 713 322 mammaeam
727 215 823 301 cau.
838 235 1113 320 compton.
1202 217 1203 224 ‘

29 455 37 478 ,
111 483 118 494 .
188 407 371 472 divinumac
391 392 533 468 monitum
553 403 609 467 hoc
630 408 696 468 ideo
716 405 860 482 prolatum
876 415 944 481 eat,
972 409 1113 484 quoniam

188 497 362 572 quicumque
386 495 522 554 inferiora
546 495 600 552 ista
618 503 788 568 terrenaque
816 493 1017 566 aemulantur,
1045 513 1112 552 mo·

188 581 302 639 riuutur
326 580 421 638 anima
441 599 458 637 a
483 599 553 638 vera
577 581 637 638 vita
658 587 797 653 vagantes
818 579 891 636 sicut
912 579 1035 636 mortui:
1058 579 1113 654 qui

188 681 259 725 vero
280 661 412 722 caelestia
431 663 594 722 desiderant
617 663 691 722 etin
712 661 802 720 altum
823 661 927 721 elevati
949 673 1033 738 scrut,
1055 661 1113 725 soli

189 745 357 823 diluantur,
388 748 537 808 mortalem
559 745 635 806 banc
649 747 749 807 *vitam
772 747 804 805 in
822 747 912 808 vitam
940 747 1113 807 immortali-

190 834 258 894 tatis
279 841 520 892 commutantes.
1075 917 1151 968 P..A

116 989 118 998 “
193 980 278 1087 Qrtid
290 997 347 1057 est,
376 979 457 1062 qaod
474 977 557 1044 dabit
568 981 648 1045 Lota
674 980 819 1061 Egestae
831 983 1063 1060 potarooolnari
1087 991 1155 1048 282

231 1070 264 1126 ira
294 1082 432 1142 moratam,
470 1091 506 1126 aa
521 1069 612 1149 forte
637 1065 879 1144 conprehendam
905 1091 962 1128 me·
976 1069 1058 1127 mala
1084 1082 1114 1128 et

231 1156 364 1214 morior:
383 1175 446 1214 ecca
468 1150 540 1213 haec
562 1157 663 1214 citatas
676 1176 773 1230 propa
791 1168 850 1227 cst,
874 1151 918 1212 cd
927 1151 1113 1234 fitgtiartdmn

232 1239 266 1296 a‘at
284 1259 363 1312 com,
385 1259 460 1316 quoe
480 1253 651 1314 emptam,-
670 1253 698 1297 at
718 1260 778 1300 nort
795 1253 836 1298 est
850 1259 964 1314 pesona,
985 1236 1112 1298 cedoal-

231 1319 322 1382 dabor
341 1335 368 1381 et
388 1325 459 1381 vivat
484 1325 585 1380 anima
611 1327 737 1396 ΜΨ

280 1425 304 1494 l.
327 1429 381 1484 47.
403 1422 547 1482 Divinum
560 1423 682 1482 verbum
703 1423 897 1504 abundantem
909 1425 1035 1501 largiens
1044 1445 1112 1501 gra·
1204 1415 1205 1424 ¹

189 1507 278 1583 ίίαω,
299 1517 415 1566 sursum
437 1509 540 1566 invitat
565 1509 691 1566 animam
713 1507 887 1582 proficientis
904 1509 941 1567 ad
958 1510 1113 1583 perfeetio-

189 1611 268 1650 ncm.
313 1589 373 1670 Qui
390 1601 487 1650 tamen
507 1590 601 1650 adbuc
619 1591 719 1666 pusilli
735 1593 823 1651 animi
843 1601 887 1652 est
904 1603 934 1652 et
952 1584 1055 1653 siulilis
1070 1613 1112 1654 ex

188 1673 277 1751 longa
295 1675 517 1752 aegritudinem
532 1678 684 1736 sanitatem
696 1678 903 1752 vergentibus,
924 1679 975 1754 qui
992 1678 1112 1753 quidem

189 1770 312 1820 mortem
342 1759 490 1839 eflugere,
521 1763 650 1822 nondum
677 1771 774 1822 tamen
805 1762 930 1822 salutem
955 1763 1112 1838 perfectam

190 1845 305 1922 adepti,
333 1847 462 1906 medium
487 1845 581 1906 adhuc
602 1857 701 1908 tenent
725 1857 833 1907 statum
856 1848 931 1908 iuter
959 1849 1128 1934 sanitatem¹

190 1940 219 1992 et
234 1929 451 2006 infirmitatem,
474 1936 521 2001 (eo
545 1931 632 1991 modo
649 1935 731 2007 quasi
753 1931 824 2004 Lot>
838 1935 983 2007 propriam
1004 1933 1112 1993 fatetur

189 2015 431 2087 imbecillitatem,
452 2017 507 2074 vix
525 2037 610 2090 posse
633 2037 664 2074 se
688 2018 806 2074 omnino
826 2017 934 2075 distare
953 2037 971 2075 a
995 2017 1111 2077 civitate
1205 2073 1206 2078 ,

122 2091 125 2114 ¹
190 2099 327 2174 civilique
350 2120 406 2158 usu
425 2109 511 2174 atqua
530 2100 685 2159 transferre
712 2119 744 2160 se
768 2102 799 2158 in
823 2119 974 2178 secanam,
996 2103 1111 2176 sapien-

189 2184 268 2245 tibus
294 2186 512 2245 convenientem
530 2185 799 2259 tranquillitatem*
829 2182 945 2246 Verum
970 2185 1111 2264 proficere

163 2279 233 2352 ‚est
260 2271 305 2346 ei,
337 2289 396 2330 non
419 2271 499 2330 ultra
523 2269 624 2330 cedere
650 2271 757 2331 civitati
785 2291 818 2330 ac
842 2271 972 2331 civilitati
991 2273 1109 2348 primas,
1205 2339 1206 2344 η

188 2357 249 2414 ίιιιο
266 2355 407 2430 impedire
425 2357 642 2416 admirationem
664 2357 700 2416 de
718 2357 796 2432 illis,
818 2354 898 2416 flocci
918 2357 1050 2416 faciendo
1071 2359 1111 2418 ai·

86 2457 90 2464 ’
189 2439 288 2515 milia,
321 2443 362 2500 ita
383 2452 483 2502 tamen¹
506 2451 538 2502 ut
559 2463 617 2500 uon
637 2444 721 2517 parvi
742 2442 849 2518 pendat
871 2461 923 2502 ceu
950 2439 1110 2502 necessaria

188 2526 339 2600 undaque,
403 2525 506 2586 Trium
528 2528 617 2603 igitur
640 2547 737 2586 rerum
759 2529 790 2584 in
817 2525 912 2586 medio
940 2528 1109 2603 positarum,

188 2611 325 2684 sapientis
345 2609 497 2684 videlicet,
526 2611 717 2688 proficientis,
744 2611 890 2687 improbi,
911 2613 1109 2672 extremitates

189 2694 317 2754 militant
343 2705 440 2754 contra
462 2716 493 2756 se
519 2697 657 2759 invicem.
706 2693 833 2772 ‘Sapiens
855 2697 934 2755 enim
960 2698 1038 2771 pacis
1066 2705 1110 2756 est

173 2789 289 2839 'amans
309 2788 339 2838 et
361 2782 475 2840 nescius
495 2780 684 2841 dimicationis
704 2791 791 2857 atque
813 2781 949 2852 feriatus,
980 2789 1014 2838 ut
1032 2789 1108 2842 totus

189 2861 296 2924 divinis
319 2873 403 2924 vacet
419 2865 724 2941 contemplationibus:
755 2865 902 2940 improbus
919 2874 1016 2923 autem
1031 2875 1108 2926 amat

188 2949 334 3007 civitatem
359 2959 388 3007 et
410 2951 524 3014 civilem
549 2952 662 3010 turbam
681 2971 714 3009 ac
731 2949 976 3008 conturbationem
991 2967 1107 3009 concur·

188 3048 312 3107 sumque
329 3031 480 3092 bominum
495 3045 524 3094 et
538 3056 653 3109 rerum3
682 3055 808 3109 namque
822 3054 903 3094 amor
916 3036 1105 3111 negotiorum,

188 3119 325 3193 avaritia,
354 3115 518 3179 homiuibus
536 3120 738 3195 complacentia
753 3129 842 3195 atque
866 3119 994 3179 studium
1013 3117 1106 3194 digni·

188 3203 255 3262 tatis
282 3203 471 3280 possidendae
499 3207 623 3280 pretiosa
655 3203 699 3264 illi
726 3213 794 3267 sunt
825 3214 856 3266 et
876 3221 988 3265 cessare
1011 3202 1048 3263 ab
1069 3202 1105 3264 iis
1148 3256 1152 3267 ,

238 3386 266 3454 ·)
284 3365 380 3439 canu.
406 3389 449 3450 aa,
475 3389 518 3440 ra.
535 3387 580 3440 ao.
