2432 3820
101 207 304 277 millamwn
306 205 634 292 QUARSTNINGEN
641 209 748 276 [clv.
746 211 865 296 9,.159
871 219 945 278 aso.
968 213 1035 280 163

146 377 359 466 (lucidam
387 378 667 458 Εηιιιιςοικίιιίἰιι
687 395 770 442 sisso
790 387 911 456 estant
996 401 1075 454 M.
1159 375 1163 383 Ι

84 473 88 482 ’
193 469 311 539 §.159.
341 463 455 525 Littera
476 467 545 525 satis
562 475 629 525 ncta
646 476 689 526 est
703 477 733 527 et
747 467 915 528 merulentus
939 489 990 530 vc·
999 476 1074 535 '367
1184 487 1190 496 '

25 599 30 602 .
104 569 171 614 rum
191 550 351 629 symbolice
368 568 428 608 ιιιιιι
448 549 556 610 debet
546 553 694 630 ignorari,
712 555 847 627 quemad
861 554 981 614 madum
994 574 1035 614 ex

104 657 164 698 uua
183 637 279 696 radice
298 635 357 694 duo
374 635 481 694 suruuli
498 637 676 711 germinant,
698 637 800 698 eadem
816 639 902 698 meda
920 659 961 699 ex
976 657 1035 700 una

106 723 270 797 eademque
290 729 390 789 mente
415 721 524 794 species
545 723 744 796 (germinare)
772 733 834 782 tum
855 725 940 797 boni,
972 734 1036 783 tum

105 807 195 881 mali,
223 825 299 880 quae
316 814 418 863 natura
433 806 567 880 geminam
584 816 662 865 aaut.
706 805 854 886 Qrtcniam
875 829 967 867 unum
990 809 1036 868 ef·

105 893 318 968 sapit-animm
335 909 389 948 nac
413 899 506 964 potest
530 891 694 968 cooperari,
726 892 778 951 sed
799 905 913 953 seruata
933 895 1036 969 proxi-

107 979 211 1036 miaute
234 984 409 1050 aversatur,‘
432 984 461 1033 et
483 975 593 1033 asisin
615 976 754 1036 alterum:
787 979 946 1053 aequaliter
965 997 1035 1038 sana

108 1061 275 1122 afficiuntur
291 1060 379 1118 etiam
396 1059 528 1138 uirtutes,
550 1079 625 1136 quae
637 1062 737 1120 insunt
751 1063 782 1120 in
798 1082 925 1137 corpora.
956 1061 1036 1124 Nem

108 1146 214 1222 cupido
228 1143 385 1218 voluptatis
402 1154 431 1202 et
446 1142 559 1202 dolores
577 1165 618 1208 ex
628 1165 687 1204 una
702 1156 770 1204 sunt
781 1147 887 1223 radice,
908 1157 941 1206 ut
952 1150 1037 1223 pelta

109 1233 169 1307 ait3
206 1240 236 1290 et
249 1245 332 1304 'quac
355 1247 395 1287 ex
415 1247 473 1286 uno
496 1230 603 1288 vertice
630 1229 760 1290 dutinus
781 1232 932 1307 diuisaque
957 1240 1037 1306 sunt,

109 1317 262 1389 utriusque
292 1333 392 1372 eorum
421 1314 601 1372 summitates
631 1326 780 1388 separatae
803 1318 1037 1391 comperiuntura

111 1413 200 1476 atque
215 1403 255 1458 ita
273 1399 421 1480 contrariis
441 1397 548 1456 cedunt
573 1417 590 1456 a
612 1401 751 1475 principio
779 1403 907 1475 partibus
933 1403 1037 1476 princi·

111 1495 210 1562 patus.
251 1481 387 1558 Namque
404 1499 495 1558 qaum
511 1481 614 1542 fortior
629 1503 662 1542 ac
678 1487 809 1560 superior
831 1488 869 1546 sit
890 1487 1038 1562 veluptate

113 1569 208 1643 dolor,
230 1568 280 1626 illa
295 1569 391 1626 vitans
406 1565 548 1644 abscedit3
576 1570 632 1628 isto
651 1567 747 1628 autem
764 1569 943 1646 deprehenso
960 1571 1039 1631 illico

114 1657 197 1732 viget
212 1653 361 1728 cupiditas.
411 1648 554 1713 Similiter
572 1655 633 1730 agit
648 1655 734 1714 ctiam
751 1657 845 1714 omnis
859 1659 952 1715 virtus
969 1676 1040 1734 erga

115 1760 232 1800 omnem
246 1737 403 1816 malitiam3
432 1745 490 1796 cte
505 1740 661 1797 contraria:
684 1739 821 1813 quoniam
837 1739 911 1798 cedit
926 1743 1039 1816 sapien·

115 1827 173 1885 tiae
191 1824 375 1899 iusipientia,
405 1821 525 1880 castitati
545 1823 780 1899 intemperantia,
817 1816 942 1883 lautitiae
963 1825 1040 1882 iniu-

115 1909 210 1984 stitia,
246 1906 407 1976 fortitudini
429 1913 560 1985 metus;.·
580 1908 621 1967 sic
641 1909 729 1970 etiam
756 1915 850 1968 cetera
874 1907 1041 1968 huiusmodi

116 1993 268 2055 cornaria.

1007 2079 1084 2136 M.

121 2145 451 2303 Ἥξξιιιοςιιιίιιιι
469 2141 675 2224 unimam,
705 2159 733 2207 et
752 2144 997 2224 sicstpella'api·
1019 2155 1082 2216 368

206 2337 324 2407 §.160.
366 2329 452 2390 Dicta
465 2351 519 2408 per
532 2351 564 2393 sc
579 2339 694 2406 patente
730 2329 903 2392 Rubicunda
926 2350 990 2391 carc
1013 2342 1043 2392 et

118 2397 206 2498 pellis
221 2417 331 2477 hirsuta
345 2416 449 2476 iudicio
465 2427 533 2478 aunt
551 2419 672 2493 agrestis
689 2415 819 2476 hominis
836 2425 877 2475 et
886 2417 922 2475 iu
936 2417 1044 2478 fiuia'm

119 2507 200 2568 versi
218 2504 313 2566 ferino
332 2522 413 2580 mere
432 2521 472 2562 ex
485 2503 550 2581 ira3
578 2503 725 2582 quoniam
748 2501 903 2562 nabasceus
918 2503 1044 2582 sangui-
1126 2571 1128 2576 Ι

120 2609 270 2664 nasusque
289 2572 421 2662 aspectus
442 2585 520 2648 idem
538 2595 581 2646 est
599 2607 664 2646 cum
681 2582 774 2646 colore
791 2575 998 2645 iracuudcrum
1016 2595 1046 2644 et

121 2695 186 2735 mos
207 2694 277 2734 vere
299 2673 384 2748 pellis
403 2693 484 2733 more
507 2681 537 2732 ct
559 2671 696 2748 quicquid
719 2669 798 2731 alliud
821 2670 968 2746 hispidum
993 2690 1045 2746 pro
1078 2695 1081 2702 ¹

122 2759 251 2838 tegmine
279 2768 308 2816 et
330 2757 453 2817 anniculo
476 2759 598 2820 sumitur
622 2765 709 2830 atque
733 2777 786 2832 pro
807 2757 937 2816 cautione
966 2755 1046 2813 obte-

123 2844 213 2924 g'endi
241 2835 465 2904 fraudulentiam
495 2851 524 2902 et
547 2839 744 2901 audacitatem.
793 2837 845 2900 Ex
868 2837 926 2900 hoc
950 2849 1047 2898 tamen

123 2927 254 3004 undiquc
271 2929 365 2987 facilis
385 2939 469 3006 captu
488 2938 549 3004 est3
585 2945 694 3001 pravus
715 2926 792 2985 euim
817 2934 957 3001 quantum
979 2925 1047 2983 niti·

124 3007 173 3075 fiir
186 3011 363 3089 moliturque
377 3024 411 3074 ut
427 3014 555 3074 iuveniat
570 3011 698 3084 modum,
720 3031 758 3070 ne
773 3013 912 3087 capiatur,
934 3019 1048 3069 tantum

125 3099 210 3168 facile
227 3101 338 3175 capitur
354 3099 389 3158 ab
406 3098 466 3156 illia
474 3139 484 3171 ,
514 3098 564 3172 qui
581 3097 750 3170 sapientiam
770 3105 931 3170 sequuntur
955 3113 1047 3170 eaque

127 3195 258 3246 utuntur.
301 3181 417 3243 Verum
435 3181 651 3260 distinguuntur
670 3182 745 3240 iuter
763 3200 795 3240 se
811 3181 900 3256 prim·
916 3187 1049 3240 cantuset

181 3384 205 3445 ²>
225 3387 323 3437 (isses.
339 3385 385 3445 2³,
411 3381 454 3436 24.
523 3380 562 3442 ”l
579 3381 649 3434 laia.
666 3395 693 3432 v.
710 3377 755 3432 28.
