2406 3822
11 155 15 280 ζ
100 199 678 298 munnam-rasamenta.
696 143 847 267 nrum.
865 205 953 286 urs.
982 205 1025 272 ar

56 404 60 413 1
100 371 169 434 dua.
229 369 355 446 Nonne„
373 381 445 450 ergo'
468 373 601 434 cumulus
630 385 675 434 est
697 373 922 451 beneficiorum,
951 395 1026 452 quaa
1131 397 1135 406 ·

100 457 240 518 concedit·
254 459 376 534 sapienti
397 469 488 534 pater,
517 459 639 518 educere
656 481 722 520 eum
744 471 876 536 evectum
896 479 955 518 non
979 481 1025 519 so·

99 543 255 603 lummodo
278 543 413 602 deterre
437 543 468 600 in
482 544 611 620 caelium,
640 563 737 620 neque
763 555 874 604 tantrnn
893 545 929 604 da
946 544 1026 606 caelo

100 627 139 688 ad
151 629 355 703 incorporeum
365 625 633 703 intelligibilemque
649 629 801 706 mundum,
823 629 1025 689 verumetiam

46 783 50 790 Ι
100 711 171 771 hino
187 713 226 772 ad
240 733 272 772 se
289 715 386 787 ipsum
403 711 580 786 (attrahere),
603 713 757 772 ostendens
774 733 805 773 se
819 715 857 789 ei,
880 733 936 772 non
954 717 1027 774 sicut

101 799 134 856 in
155 817 188 856 se
207 807 262 870 est,
289 798 320 856 id
337 799 416 856 enim
430 797 496 870 fieri
512 817 571 856 non
589 809 693 872 potest,
714 798 766 858 sed
780 801 811 856 in
825 808 965 874 quantum
980 801 1026 858 ui·

102 901 154 944 aus
179 883 308 942 videntis
334 884 428 956 ipsam
452 884 589 942 virtutem
606 883 817 958 intelligibilem
841 885 955 958 assequi
975 905 1026 959 po·

101 967 192 1026 terit?
237 965 394 1041 Propterea
413 967 492 1042 dicit,
513 988 573 1026 non
591 968 666 1026 ultra
683 971 722 1026 sis
743 967 834 1043 filius,
857 968 908 1026 sed
927 980 1026 1046 pater3
1068 1003 1072 1010 v

102 1051 199 1110 Potor
216 1061 314 1110 autem
330 1072 389 1110 non
407 1054 505 1126 nuilus,
527 1052 578 1111 sed
596 1050 808 1111 multitudinis:
836 1052 1027 1114 multitudinis

102 1135 272 1197 autemnon
280 1136 437 1196 secundum
447 1147 554 1212 partes,
568 1137 619 1195 sed
629 1139 829 1196 universarum
838 1139 976 1212 gentianu-
990 1155 1021 1201 Ρ.
1030 1151 1067 1202 Δ.

103 1219 154 1280 Ex
164 1223 317 1296 promissis
330 1221 566 1296 igitur-revelatis
577 1221 634 1280 drro
648 1221 800 1282 litteralem
817 1219 923 1280 habent
939 1243 984 1280 ra-
1003 1227 1065 1282 211

35 1337 37 1346 ·
103 1308 226 1382 tionem,
248 1307 364 1364 tertium
379 1325 449 1366 vero
462 1305 622 1366 neutralem
639 1308 745 1381 mag-is.
786 1305 952 1366 Literarnm
967 1327 1028 1376 una

103 1392 171 1450 tulis
195 1400 270 1452 est:'
289 1389 421 1450 Proiecto
441 1393 498 1452 eris
514 1401 595 1466 pater
617 1393 747 1466 gentium
766 1399 795 1450 et
818 1401 918 1467 gentes
939 1411 1026 1468 gene·
1111 1403 1114 1417 ¹

22 1537 27 1542 ,
103 1477 204 1536 rabis:
239 1475 271 1534 id
298 1487 343 1536 est
371 1477 570 1551 rmusquisque
590 1475 717 1534 filiorum
743 1485 861 1534 tuorum
882 1477 921 1535 sit
943 1485 1028 1551 caput

103 1562 214 1637 gentis.
255 1557 361 1620 Altera
372 1569 451 1626 'uero
470 1559 650 1620 buirumodi:
687 1559 780 1622 Patris
800 1581 881 1620 more
899 1561 1027 1636 plurium

11 1675 13 1690 ι
104 1647 239 1722 gentium
256 1647 485 1720 procurationem
507 1654 536 1706 et
559 1647 786 1720 praeposituram
802 1645 922 1721 induas3
943 1646 1028 1706 soler

105 1733 186 1800 enim
212 1730 261 1790 dei
288 1732 399 1796 amator
418 1731 497 1790 illico
527 1733 614 1792 etiam
640 1729 794 1788 hominnm
817 1740 928 1790 amator
950 1749 1026 1790 este.

104 1813 150 1876 Ita
169 1825 204 1882 ut
220 1836 281 1891 uon
299 1815 396 1876 solum
410 1817 549 1892 cognatis,
576 1816 783 1875 verumetiam
801 1815 945 1874 universis
961 1815 1026 1874 dili-

95 1908 209 1978 ·genter
228 1921 327 1960 curam
346 1899 491 1978 adhibeat,
512 1901 641 1960 maxima
660 1899 719 1958 illis
737 1901 787 1973 ιμιί
801 1909 922 1974 possunt
941 1899 1026 1958 disci·

105 1986 218 2062 plinam
237 1987 401 2046 attentionis
416 1987 570 2061 excipere3
599 1987 708 2060 utrique
725 2004 784 2042 non
802 1982 977 2044 inhumanae
993 2003 1027 2044 ac

11 2143 12 2150 ἵ
106 2071 197 2130 durae
213 2081 282 2132 smrt
299 2071 422 2144 indolis,
451 2070 503 2130 sad
524 2069 609 2130 saeile
628 2069 755 2128 cedentia
783 2071 882 2128 virtuti
916 2069 1026 2128 obtem·

105 2158 291 2232 parentisque
315 2166 410 2216 rectae
433 2157 545 2217 rationi.
604 2151 733 2214 Tertium
760 2173 830 2214 uero
858 2155 912 2214 sub
940 2152 1026 2214 haeae

106 2241 246 2318 allegoria
264 2263 373 2316 expono
365 2241 464 2303 li'cet.
506 2238 665 2301 Multitudo
684 2239 814 2315 gerinum
833 2248 877 2298 est
892 2237 1004 2298 velut
994 2257 1026 2298 m

106 2421 170 2470 tum
184 2431 220 2470 ea
234 2431 322 2486 quam
338 2411 374 2470 de
392 2432 424 2470 se
438 2411 586 2470 consuerit
599 2408 722 2484 lingue,
742 2419 805 2466 tum
821 2407 932 2484 (aliae),
953 2427 1027 2484 quas

105 2513 277 2571 persensus
296 2497 499 2572 imaginatione
519 2494 737 2554 intermediante
755 2492 826 2554 soris
844 2493 923 2552 intare
937 2494 1027 2554 storri-

105 2583 219 2656 pientes
237 2581 370 2646 admittit.
421 2578 555 2660 erarum
573 2579 702 2658 omnium
719 2579 745 2636 si
760 2577 904 2651 possideat
921 2579 1026 2654 princi-

26 2697 29 2704 .
105 2674 207 2741 patum
236 2685 337 2740 meas,
367 2674 516 2739 tamquam
540 2660 701 2730 oommrmia
718 2673 801 2738 pater
818 2663 959 2723 convertit
988 2661 1026 2724 ad

104 2749 245 2826 meliora,
274 2749 401 2824 pueriles
423 2749 580 2810 sententias
599 2758 632 2808 ut
650 2748 724 2807 lacte
744 2747 864 2824 fovens;
900 2747 1024 2821 adultas,

104 2835 288 2910 imperfectas
303 2845 411 2910 umeri,
433 2833 590 2894 exhortans
605 2833 642 2892 ad
654 2833 833 2909 profectum
861 2841 939 2892 recta
954 2851 1026 2894 varo

103 2937 167 2980 tem
182 2929 355 2996 peragentes
374 2919 461 2978 laude
479 2931 672 2994 prosequente
702 2917 908 2978 rebellantibus
928 2925 1026 2978 autom

103 3005 266 3066 meteriis
293 3005 411 3067 frenum
441 3006 593 3080 imponens
619 3023 672 3078 per
698 3001 878 3076 disciplinam
906 3020 939 3060 ac
963 3021 1027 3063 cor·

103 3091 275 3164 reptionem.
324 3089 476 3170 Quoniam
502 3099 603 3164 optans
634 3087 813 3147 divinitatem
838 3087 962 3164 inuitari,
989 3087 1027 3150 ab

103 3173 236 3234 atumem
255 3175 411 3235 virtutibus
432 3173 560 3234 benefica
583 3181 613 3232 et
632 3171 733 3234 ultrice
750 3180 898 3246 tamquam
920 3191 939 3232 a
961 3167 1030 3231 ion·

103 3259 179 3319 tibus
199 3259 346 3334 duplicem
366 3257 556 3318 effluxionem
572 3258 696 3333 recepit3
728 3275 798 3332 erga
815 3255 934 3316 dociles
937 3254 1032 3318 bene-f

104 3341 250 3406 tonnam
276 3354 306 3404 et
330 3363 401 3420 erga
424 3343 551 3406 rabones
568 3341 797 3420 merepauonem
799 3361 941 3489 1⁵)
842 3349 882 3402 ut
907 3340 1026 3418 quidam

134 3440 428 3498 eburonum
