2406 3822
15 157 16 166 '
101 167 221 231 rme.
243 167 330 230 run.
350 165 534 251 ousssr.
553 167 601 232 ru
623 113 777 232 anun.
799 168 858 233 1v.
879 171 903 254 t.
918 181 948 236 ι.
991 173 1034 238 oa

15 409 17 424 ³
101 349 166 401 erat
181 337 353 411 (Abraham
373 339 424 400 vel
441 342 585 418 amman),
615 341 673 400 nisi
701 341 840 420 onmiis,
870 362 945 418 quae
968 362 1035 412 eum

100 425 155 486 illo
175 428 327 486 exsistunt
339 424 418 484 illico
432 427 554 486 virtutes
571 427 700 501 primae,
728 428 869 504 oreativa,
891 447 966 504 quaa
981 448 1035 488 vo·
1087 427 1091 434 ’

99 520 186 570 eatur
205 511 299 588 deus,
322 522 351 569 et
369 511 467 587 regia,
488 532 564 586 quae
581 511 716 570 dominns
733 511 906 588 appellatur.

191 594 285 676 Quod
299 605 407 654 fanum
427 595 511 655 dicit:
544 596 671 657 elevavit
687 595 784 656 oeulos
792 640 803 672 ,
834 618 894 656 non
908 599 1034 674 eorporis

99 682 218 758 inquit,
241 701 260 740 a
275 681 409 740 sensibus
423 683 503 740 euim
516 681 588 742 dens
603 681 697 742 videri
717 701 776 740 non
793 692 903 758 potest,
923 683 977 764 sed
996 683 1033 742 ab

100 767 221 842 anima}
244 775 405 841 opportuno
418 768 496 824 euim
506 778 634 842 ternpore
647 767 803 842 sapientiae
817 767 908 826 oculis
921 787 982 828 cer·
996 785 1028 836 Ρ.
1037 786 1075 839 Δ.

100 853 196 912 nitur.
217 847 335 910 Verum
346 851 504 910 multarum
515 872 672 928 earumque
680 853 877 928 improbarum
888 855 998 912 snima·
1014 860 1075 920 tta

15 953 16 1004 j
100 957 169 996 rum
185 935 272 996 risus
287 955 402 1010 semper
418 936 523 995 occlusi
538 946 607 996 sunt
614 978 625 1010 ,
651 939 789 1012 qnoniam
808 939 840 995 in
859 939 916 998 alto
930 959 1033 1000 somno

100 1022 200 1080 iacent
226 1031 257 1080 et
272 1019 424 1097 nequeunt
445 1043 584 1098 nmquam
599 1021 711 1081 resilire
732 1032 762 1082 et
780 1023 972 1100 expergefieri
996 1023 1033 1084 ad

101 1117 227 1166 naturae
250 1126 298 1165 res
321 1116 350 1164 et
363 1127 442 1181 qnae
463 1107 494 1164 iu
519 1127 553 1166 ea
577 1118 645 1166 suut
665 1107 748 1166 ideae
775 1117 804 1166 et
824 1111 1032 1184 perceptiones.

101 1187 255 1267 Sapientis
271 1209 342 1250 vero
355 1191 518 1266 spirituales
535 1191 611 1250 oeuli
626 1193 820 1267 expergefacti
839 1194 1031 1272 perspiciunt3

102 1278 162 1336 imo
182 1271 249 1336 sine
265 1295 366 1335 somno
381 1274 537 1354 vigilantes
554 1285 621 1336 sunt
630 1319 641 1348 ,
668 1277 704 1336 ob
722 1277 898 1337 desiderium
914 1277 1032 1338 videndi
1075 1273 1077 1278 ’

102 1362 269 1422 resilientes
292 1361 332 1430 ad¹
340 1362 531 1436 vigilantiam.
575 1359 675 1440 Quare
692 1361 889 1421 benedictum
903 1373 947 1422 est
967 1365 1031 1438 plu·

102 1447 221 1522 raliter,
243 1468 302 1506 nou
320 1467 412 1506 unum
427 1447 558 1506 elevasse
575 1446 706 1523 uetulum,
735 1446 788 1508 sed
802 1446 900 1506 oeulos
913 1449 1031 1508 univer·

104 1552 153 1592 sos
161 1576 184 1608 ,‚
200 1534 301 1608 quiin
318 1532 416 1590 animo
432 1541 520 1608 mut,
547 1533 589 1590 ita
605 1541 638 1589 ut
660 1540 752 1590 totum
768 1531 893 1592 totaliter
915 1534 1031 1592 oerrlum

103 1635 169 1690 esse
191 1638 261 1676 enm
280 1617 400 1676 dixeris.
444 1615 556 1676 Oculus
576 1618 664 1692 igitur
678 1616 789 1693 faetus,
817 1619 916 1693 incipit
931 1619 1032 1678 videre

103 1702 300 1776 dominicam,
328 1713 456 1762 saum
483 1701 669 1778 divinamque
693 1703 857 1778 visionem,
888 1703 1029 1764 eomodo

103 1797 137 1859 nt
153 1789 241 1846 unica
253 1787 328 1863 visio
344 1795 495 1862 appareret
520 1788 548 1846 ei
560 1788 634 1846 siout
648 1787 760 1848 trinitas
774 1796 803 1846 et
821 1788 933 1848 trinitas
947 1788 1029 1848 velut

103 1875 211 1932 unitas.

178 1954 335 2033 ,Aequum
354 1965 420 2033 est,
448 1966 482 2016 nt
503 1957 588 2016 etiam
612 1958 762 2032 sequentia
781 1977 842 2016 non
863 1957 1029 2018 omittamus

103 2041 250 2123 profem:
281 2063 341 2101 non
367 2044 446 2102 euim
465 2043 555 2120 gratis
571 2042 679 2102 dictum
700 2052 760 2102 est:
795 2039 913 2102 studeam
936 2063 1029 2117 supro

104 2149 180 2188 acm.
224 2124 391 2204 Siquidem
404 2147 492 2203 super
510 2147 611 2186 omnes
630 2136 775 2186 creaturas
791 2139 942 2204 generatas
955 2129 1028 2190 deus

103 2224 165 2288 est,
198 2222 229 2274 et
243 2214 496 2273 divinae'virtutes
513 2212 714 2288 disponentes,
744 2225 950 2288 procurantes,
980 2233 1028 2272 re·
1053 2287 1058 2292 ,

103 2308 217 2376 gentes.
269 2295 372 2378 Quum
393 2299 482 2374 igitur
500 2299 660 2358 universim
676 2300 776 2356 anneta
794 2297 953 2358 neaemaria
968 2298 1027 2356 iam

15 2377 16 2382 ¹
102 2383 178 2452 diota
190 2385 266 2456 sint,
295 2383 333 2443 de
349 2385 414 2458 ipsa
434 2400 505 2444 vero
523 2403 621 2443 renum
636 2401 737 2442 caussa
746 2387 773 2454 *)
794 2401 853 2440 non
878 2383 969 2440 obiter
981 2383 1028 2442 vi-

103 2469 218 2530 sionem
224 2469 326 2528 videre
335 2467 440 2544 liceat,
459 2469 583 2531 saburro
599 2467 705 2526 intuitu
712 2466 874 2528 intellectus
882 2466 1026 2540 duplicem

103 2550 294 2630 apprehendit
308 2553 525 2629 apparitionem.
568 2549 667 2612 Unam
680 2549 828 2630 tamquam
842 2552 889 2612 dei
904 2553 1028 2612 venien·

103 2639 139 2700 tis
152 2639 268 2699 duabus
287 2639 442 2700 virtutibus
462 2639 675 2716 superioribus,
702 2637 842 2714 aquibus
865 2637 985 2714 colitur,
1007 2657 1026 2696 a

103 2727 230 2784 oreativa
256 2734 290 2784 ut
315 2725 418 2800 opifex
441 2717 564 2802 mundi,
594 2733 625 2782 et
650 2723 687 2782 ab
705 2725 786 2801 regia
807 2733 840 2782 nt
864 2723 1026 2784 dominator
1123 2760 1129 2766 -
1186 2705 1187 2710 ἵ

103 2809 205 2870 mnudi
220 2809 377 2870 iamffaoti.
419 2805 557 2878 Alteram
577 2829 648 2869 vero
663 2809 876 2868 sientvirornm
896 2808 1024 2884 peregri·

102 2915 227 2970 norum,
254 2915 314 2954 non
332 2904 486 2969 utcumque
505 2895 739 2969 occurrentium,
753 2893 805 2952 sed
822 2893 1024 2975 perfectiorum

101 2982 133 3040 in
150 2978 282 3042 humana
300 2990 404 3040 natura
420 2979 579 3041 reundum
605 2979 731 3054 eorporis
750 2977 831 3037 dotes
852 2987 881 3037 et
900 2975 1023 3054 dignita·

101 3068 137 3126 tis
154 3063 292 3126 honores.
335 3063 387 3124 Ex
403 3075 525 3142 uaeque
543 3061 598 3124 lrao
614 3064 791 3140 apparitione
806 3063 970 3138 impulsus,
988 3072 1063 3144 M.
1186 3131 1187 3140 χ

101 3151 228 3210 nanonb
244 3171 324 3226 rma,
350 3169 429 3210 nunc
444 3151 481 3210 ab
498 3150 588 3230 altera
602 3147 767 3210 trahebatur
784 3147 822 3208 ad
838 3134 981 3210 vidonem
1002 3146 1065 3209 244
1135 3225 1143 3230 μ
1186 3215 1187 3222 1

149 3333 176 3394 ²)
192 3335 242 3386 Ad
253 3315 379 3401 verbum
398 3349 480 3402 opert,
497 3335 569 3398 quot
585 3307 689 3398 aoeipio
703 3331 872 3400 pro-opifice.
907 3329 1021 3384 mser.

132 3417 208 3472 rano
223 3418 283 3472 rara.
303 3423 334 3474 r.
357 3421 424 3472 Vn.
802 3400 829 3461 F
