2432 3820
118 181 974 286 rmrun.ouansr.utcuun.rv.5aoo‚-1u.
983 198 1047 277 ιιι

118 372 199 434 biles
215 366 328 448 fuisse,
350 391 438 448 quam
450 371 615 448 perenniter
629 370 759 434 duone.
801 367 837 434 Si
849 371 970 448 quidem
985 371 1048 434 dte·

90 497 94 500 >
119 479 190 521 rum
212 466 401 534 augmentum
422 467 466 516 est
490 475 603 533 annus,
629 476 689 514 non
711 477 782 518 vero
808 475 952 536 annorum
974 455 1048 519 dier.

75 541 276 630 ⁸¹Quoniam
297 541 416 603 decebat
435 561 505 618 eos,
535 542 587 618 qui
616 541 774 602 secundam
796 543 934 602 virtutem
956 543 1048 604 uitam

121 643 233 704 agunt,
254 635 287 684 ut
302 647 354 702 pro
374 627 511 702 temporis
525 617 706 704 longitudine
723 637 911 703 augmentum
927 643 1041 704 prael>
1051 636 1090 688 Δ,

121 733 157 774 ιιι
173 711 283 772 ferrent
297 731 356 769 nou
375 711 447 771 adeo
464 721 579 786 tempus
595 713 768 788 senectutis,
793 722 937 788 quantum
954 732 1001 772 ra·
1023 710 1088 788 559

121 797 206 896 dium
231 796 417 924 dominicum.

85 905 91 930 κ
125 946 191 1008 Gur
216 961 313 1008 autem
336 951 409 1008 artai
431 949 508 1008 vitae
527 959 641 1008 warum
660 951 846 1026 septuagianta
862 951 1046 1028 proinqraeQ?

115 1051 124 1062 ·
213 1036 334 1106 ..151
377 1031 525 1134 Quoniam
538 1035 690 1110 septicam
707 1055 742 1094 eo
758 1053 880 1094 numero
900 1035 1047 1094 continen-

123 1111 173 1178 tur
198 1120 268 1176 anni
290 1119 395 1196 viginti
419 1119 565 1194 quinque.
599 1117 704 1198 viginti
725 1139 796 1178 vero
820 1119 1047 1196 quinquenarius

6 1201 8 1248 Ὺ
125 1214 172 1264 est
197 1203 286 1262 lunae
296 1208 337 1274 **)
359 1203 514 1278 periodus,
537 1221 603 1278 quo
623 1203 731 1262 calculo
754 1202 809 1262 lex
829 1203 893 1262 vult
912 1212 941 1262 et
961 1204 1048 1262 mini·

123 1299 202 1360 atros
220 1287 323 1363 templi
338 1287 431 1346 officio
447 1287 550 1364 frmgi,
571 1285 738 1348 inchoantes
757 1287 894 1348 nimirum
914 1287 1049 1364 aviginti

125 1373 258 1449 quinquae
267 1373 360 1448 annis,
382 1393 435 1448 per
450 1372 571 1432 totidem
583 1373 735 1432 servitium
746 1372 857 1450 colere3
878 1392 947 1432 nam
962 1373 1048 1447 quin·

9 1467 14 1474 '
123 1460 265 1535 quaginta
282 1477 371 1516 annos
381 1467 464 1516 natos
477 1476 588 1516 cessare
596 1456 664 1515 facit
677 1457 781 1517 volens
790 1466 822 1515 ut
835 1456 966 1517 sacerdos
980 1457 1048 1515 imi·

126 1545 183 1602 tari
198 1543 352 1602 caelestem
369 1541 499 1601 ordinem
508 1543 636 1600 certatim
645 1541 767 1601 studeat.
811 1537 893 1601 Sicut
906 1561 976 1619 ergo
989 1543 1048 1601 uti·

124 1619 186 1687 lius
199 1627 278 1688 sidus
291 1647 380 1702 prope
398 1637 505 1686 terram
517 1625 588 1684 luna
604 1625 728 1686 officium
739 1623 859 1686 exhibet
871 1627 925 1686 toti
937 1625 1047 1686 mundo

126 1713 232 1790 viginti
258 1713 467 1788 quinquenau'o
486 1710 610 1786 cimmo,
640 1712 681 1770 sic
703 1731 830 1785 aequum
852 1710 941 1770 duxit
959 1712 1046 1770 etiam

126 1797 293 1856 ministrum
309 1795 410 1872 templi
427 1795 558 1854 ordinare
579 1793 694 1870 aequali
713 1806 842 1869 tempore
858 1795 890 1852 in
909 1793 1047 1854 officium.

128 1877 318 1958 Septenarius
344 1881 422 1940 euim
450 1899 589 1938 numerus
613 1881 819 1940 sacratissimus
844 1889 888 1938 est
912 1899 1048 1939 numero·

127 1987 213 2042 ιιιιιι,
250 1967 323 2026 sicut
347 1983 479 2026 seorsum
497 1963 653 2024 indicatum
678 1973 731 2025 est.
784 1960 838 2022 Ad
861 1961 933 2024 haec
959 1962 1049 2025 simul

128 2048 329 2126 comprehensi
354 2051 386 2108 in
419 2049 556 2124 rapientis
580 2049 640 2108 vita
663 2069 764 2108 omues
789 2050 903 2108 numeri
927 2048 1047 2126 perlecti

127 2146 217 2210 suut,
238 2135 442 2196 centenarius'
433 2153 552 2210 mquam
567 2143 596 2192 et
613 2135 791 2210 septenarius
807 2134 1049 2210 quinquenarius·

127 2241 203 2302 que.
219 2221 266 2280 ita
290 2229 324 2278 ut
340 2228 401 2278 tam
419 2219 605 2295 compositio,
627 2237 716 2293 quam
739 2218 843 2279 divisio
863 2237 963 2280 corum
981 2214 1049 2295 pul·

128 2303 271 2378 cherrima
298 2306 351 2364 sit.
387 2301 459 2364 hacc
481 2322 597 2382 quoque
624 2302 748 2363 indicata
774 2311 862 2379 sunt,
895 2323 988 2378 quum
1011 2301 1049 2364 ‹le

127 2391 257 2451 numeria
282 2399 377 2493 actum
395 2391 450 2450 eat.

109 2540 218 2630 ,Quid
235 2556 296 2606 cet:
324 2539 475 2622 Defidcaa
492 2544 704 2620 mortuaest?
732 2557 787 2600 our
809 2541 905 2599 arder
925 2537 1048 2598 dacem

123 2679 126 2682 .
172 2641 249 2689 cerate
272 2625 349 2698 borea
364 2647 455 2686 amaea:
469 2637 496 2684 et
511 2621 618 2700 plenas
635 2621 747 2682 deerrare
755 2627 838 2696 ***)
1012 2637 1015 2650 ’

104 2749 106 2756 =
216 2716 345 2785 5152.
406 2709 519 2770 Littera
545 2707 657 2768 nullam
683 2707 803 2767 includit
830 2687 1047 2786 quaestionem,

129 2813 233 2858 rerum
255 2795 330 2855 illud
347 2795 507 2854 naturalius
528 2791 743 2892 proferendum·
755 2802 799 2850 eat
822 2801 908 2866 atque
928 2808 1048 2866 respon·

130 2881 277 2958 dendum,
299 2883 432 2956 corporis
442 2889 564 2938 mortem
580 2877 675 2936 uitam
696 2877 809 2936 animae
830 2894 914 2952 esse,
935 2884 968 2933 ut
981 2893 1049 2950 pro·
1081 2879 1087 2894 “

128 2969 223 3044 priam
246 2965 301 3026 sibi
325 2967 415 3026 vitam
434 2961 649 3038 incorporalem
667 2962 762 3020 anima
784 2959 880 3037 degat.
924 2957 992 3038 Qua
1009 2973 1042 3026 1²
1050 2972 1090 3022 Δ
1133 3014 1137 3018 ,
1208 2949 1209 2996 3

129 3053 167 3113 de
184 3073 217 3111 re
231 3053 319 3112 ctiam
328 3047 509 3122 Heraclitus,
529 3047 639 3107 frutim
637 3043 780 3123 aMoyse
797 3045 913 3121 dempta
935 3043 1002 3122 lega
1023 3045 1088 3105 360

128 3152 159 3198 ct
181 3137 340 3210 sententia,
367 3134 457 3194 dixit.
489 3129 626 3192 Vivimus
653 3151 753 3192 comma
776 3143 868 3190 crarta
892 3141 919 3188 ct
942 3131 1051 3189 mortuo
1208 3121 1209 3158 ³

126 3251 337 3278 ..ν-’Μ

179 3301 208 3364 *ι
227 3275 391 3370 concurr}
415 3301 444 3354 r.
494 3295 718 3359 rueramus.
738 3295 820 3348 cn.
838 3297 1051 3351 acaunu-
1120 3261 1169 3365 ff

126 3371 238 3424 αιιιᾶιιιιι
253 3373 351 3423 lunam·
385 3367 472 3422 Attalo.
540 3365 599 3428 Ψ)
617 3367 715 3419 ocrea.
731 3365 776 3428 25,
795 3364 822 3417 8.

163 3455 235 3506 Philo
250 3456 311 3507 rad.
333 3459 365 3506 T.
386 3455 451 3504 Vll.
563 3467 568 3476 ‘
