2406 3822
130 157 133 164 ’
155 215 197 282 12
217 162 1075 300 tarwennensiemt.LIB.111.'§.o-a

156 387 301 448 mixturae
316 397 369 448 est.
413 381 525 466 Quinta
540 407 611 449 vero
626 373 789 448 subsanna
803 389 937 450 immixta
951 398 980 449 et
998 407 1073 467 pura

156 473 218 534 sola
238 483 281 534 est
298 473 384 548 facta,
412 473 448 532 ob
469 493 557 550 quam
574 475 715 533 rationem
729 495 789 532 non
803 473 887 532 solita
903 473 960 534 suit
974 473 1071 535 indici.

158 557 258 638 Quare
289 561 343 616 rite
371 557 477 616 dictum
502 569 566 618 cst:
608 555 689 618 Aoos
708 579 769 618 non
789 555 910 634 divisit3'
935 561 1073 635 quoniam

26 625 35 730 ’-
139 643 309 702 volucrum
325 644 414 701 instar
435 644 560 702 exaltata
577 653 621 703 est
636 654 738 703 natura
753 643 883 703 caelestis
895 655 955 703 tam
969 645 1074 720 plane-

158 740 263 803 tarum,
291 748 380 802 quam
397 727 535 805 fixarum,
563 729 600 788 ad
618 729 836 796 similitudinem
859 730 1008 789 ambarum
1028 730 1074 790 vi·

157 811 261 872 delicet
282 815 380 871 avium
396 813 580 890 mundarum,
600 815 719 874 turturis
733 823 762 872 et
776 813 934 890 columbae,
956 815 1074 875 divisio·

158 915 226 982 nem
253 899 316 970 sive
339 899 494 958 sectionem
515 900 570 958 vix
594 897 821 974 admittentium:
858 901 975 974 quintae
996 901 1075 958 enim

159 983 300 1042 essentiae
318 993 363 1063 est
383 984 543 1042 sincerioris
563 1001 595 1042 ac
612 985 735 1057 purioris
758 994 787 1043 et
805 983 871 1045 ideo
893 986 987 1062 magis
1008 985 1075 1044 unt·

158 1077 246 1128 tatem
262 1068 390 1126 imitatur
404 1067 587 1128 indivisibilis
603 1065 675 1128 haee
693 1077 806 1130 natura.

227 1217 311 1304 Quid
332 1231 393 1282 ests
433 1217 714 1379 9⁰⁸⁶&ssqu
731 1238 798 1282 noes
821 1224 855 1280 iro
883 1239 1012 1334 emporia

555 1327 627 1364 roasa

244 1409 330 1478 7.
380 1403 624 1484 Quandoquidem
644 1407 737 1467 divisa
760 1407 812 1465 illa
835 1405 994 1484 symbolice
1021 1407 1076 1466 tria

94 1545 102 1554 ,
157 1491 329 1568 animantia,
349 1491 453 1568 vitula,
474 1513 570 1569 capra,
591 1503 620 1552 et
641 1493 726 1564 aries,
746 1493 829 1567 signa
849 1501 927 1567 sunt,
949 1501 980 1565 ut
997 1491 1075 1562 dixi·

58 1646 60 1651 .
161 1593 238 1652 mus,
259 1585 362 1651 terrae,
384 1595 475 1651 aquae
501 1587 530 1646 et
552 1579 643 1636 aeris:
675 1595 748 1652 opus
765 1587 809 1634 est
826 1586 922 1639 tamen
945 1587 1082 1651 coaptare.

61 1683 76 1697 ·
110 1737 113 1741 .
162 1661 351 1720 redditionem
375 1663 508 1736 rationis,
541 1679 683 1736 perpensa
710 1661 831 1720 veritate
853 1662 908 1720 sub
934 1663 1075 1737 mysterio

162 1745 367 1806 similitudinis.
422 1744 564 1808 Fortassis
594 1747 682 1822 igitur
709 1745 839 1822 designat
868 1765 920 1822 por
945 1746 1076 1805 volatum
1177 1737 1196 1748 ⁹

74 1879 76 1890 ,
162 1831 260 1890 avium
280 1849 367 1907 super
382 1833 532 1906 sectiones,
551 1850 672 1890 monens
688 1831 867 1890 inimicorum
885 1833 1074 1890 invasionem.

162 1911 307 1975 Universa
329 1915 418 1992 enim,
446 1937 520 1990 quae
542 1916 639 1974 subter
658 1915 756 1974 lunam
782 1926 826 1974 est
849 1926 961 1990 natura,
988 1915 1076 1989 plena

163 2009 207 2059 est
233 2001 348 2076 praeliis
375 2019 408 2058 ac
436 2001 660 2076 malignitatibus
688 1999 848 2058 domesticis
874 2009 903 2058 et
935 1999 1074 2060 externis.

163 2079 212 2142 ob
234 2085 328 2165 οἱδιιιη
349 2093 378 2144 et
400 2085 544 2160 crapulam
567 2105 654 2160 super
672 2085 763 2144 divisa
783 2103 853 2143 sane
873 2103 990 2158 corpora
1005 2103 1075 2143 aves
1195 2137 1196 2144 ,

104 2218 122 2236 .,
163 2167 299 2228 videntur
320 2168 435 2228 volare:
472 2179 573 2228 natura
591 2171 727 2226 nimirum
745 2167 900 2228 validiores
917 2189 1003 2247 snper
1019 2170 1074 2226 im·
1115 2191 1128 2240 j
1195 2183 1196 2190 ’

162 2253 254 2313 belles
270 2263 422 2354 tamqnam
436 2273 523 2330 super
537 2261 653 2328 corpora
670 2263 783 2312 mortua
801 2255 925 2326 irruunt,
947 2254 1075 2329 plerum·

162 2359 221 2413 que
242 2357 283 2397 ex
299 2339 456 2414 improviso
476 2338 654 2398 invadentes.
698 2336 743 2397 At
763 2358 851 2414 super
864 2350 1005 2411 turturem
1019 2349 1095 2398 etr.
1104 2349 1146 2401 Δ.

161 2423 323 2482 columbam
348 2443 407 2480 non
429 2423 555 2496 evolant,
576 2423 713 2498 quioniam
734 2425 880 2485 immrmes
900 2445 918 2484 a
937 2425 1075 2500 crrpidita·
1060 2424 1196 2482 180

161 2507 239 2568 tibus
251 2506 512 2582 mirandabilesqne
527 2519 595 2568 sunt
610 2507 758 2568 caelestes.

6 2635 7 2642 ’
160 2697 162 2701 -
251 2657 352 2743 (lurore
378 2655 467 2718 dicit:
512 2658 647 2718 Transiit
672 2658 800 2740 seditque
823 2681 910 2734 stapes·
934 2655 1002 2717 illa

106 2775 109 2783 f
161 2769 164 2776 ,
503 2741 664 2804 Asanam?
687 2751 730 2817 *n

250 2847 272 2915 9.
250 2847 325 2915 98.
369 2841 430 2925 Qui
453 2845 679 2904 immolationem
699 2854 801 2920 putant
823 2843 968 2920 designari
989 2842 1076 2904 rebus

162 2929 370 3006 praesentibus,
391 2929 528 3006 dixerint,
549 2931 676 2990 velutin
693 2949 843 3006 synogoga
863 2929 1012 3006 sedentem
1029 2929 1076 2990 vi·-

6 3035 8 3038 ·
81 3082 82 3086 ¹
116 3011 120 3024 ’
162 3033 228 3072 nrm
243 3014 375 3090 probum,
395 3016 505 3074 viscera
519 3024 725 3089 perscrutatum
738 3033 818 3091 esse3
847 3015 929 3088 quasi
943 3025 1076 3073 constans

117 3131 118 3135 =
162 3099 329 3176 symbolum
351 3098 382 3157 id
403 3108 550 3174 reputetur
571 3120 623 3174 pro
643 3097 813 3158 declaranda
831 3101 962 3159 veritate.
1012 3095 1076 3158 Nos

162 3191 258 3242 tamen
279 3181 380 3261 Moysi
404 3183 590 3244 adhaerentes
615 3181 809 3260 placitumque
834 3185 963 3261 magistri
983 3183 1075 3267 mani·

156 3295 363 3316 -an-——np—

213 3362 238 3430 ’)
257 3363 351 3418 aomo.
370 3365 412 3428 16,
430 3345 471 3417 ll.
541 3361 580 3432 ‘'')
599 3359 696 3421 lienes.
716 3368 758 3430 18,
777 3369 819 3419 11.
