2406 3822
12 151 14 162 ’
86 179 947 306 rmn.1unpuunsrnrsnu.nrn.u1.pro-u
970 177 1014 250 oe

92 354 312 443 (lmdior'te
343 353 457 416 Verum
483 350 698 416 eldelmi
723 349 1014 414 manandimuts

11 445 12 456 ¹
128 457 161 504 el
182 440 351 504 uadum
371 445 416 516 εἰς
437 439 703 516 duodecimgeutas
720 437 896 515 generabis?
918 434 949 522 *)

176 546 201 614 l·
225 546 276 604 59.
326 539 367 600 Et
393 543 519 616 primum
549 551 579 601 et
608 540 765 601 secuudum
792 539 932 612 concedo,
960 540 1010 615 ait,

81 627 217 703 bonum3
255 627 330 686 bona
357 626 491 686 videlicet
523 636 642 685 naturae
669 627 802 700 bonaque
833 623 1010 700 disciplinae.

81 709 146 771 l'er
160 721 293 770 naturum
313 711 405 784 illud,
434 711 512 786 quod
528 711 686 771 secundum
701 711 861 786 genuinum
879 708 1010 770 lsaaclun

34 797 37 802 ’
82 807 149 872 est,
172 807 202 856 et
218 812 271 871 per
285 795 479 870 disciplinam,
501 795 579 871 quod
598 804 642 854 est
655 795 814 854 secuudum
828 792 935 854 Ismael
951 810 1010 854 non

81 883 259 956 guarcinum.
302 877 433 938 Auditus
457 882 536 940 enim
562 879 682 938 collatus
701 899 767 938 cunr
785 879 851 940 visu
870 889 915 938 est
937 881 1010 940 sicut

80 985 145 1025 non
158 967 303 1042 genuinus
316 983 381 1022 cum
397 966 542 1040 genuino,
572 974 601 1026 et
612 964 690 1040 quod
705 963 740 1022 fla
753 984 805 1038 per
818 961 1008 1039 disciplinam,

79 1069 145 1110 nou
165 1059 210 1110 ast
236 1050 365 1108 eiusdem
383 1050 502 1108 rationis
521 1069 587 1108 curn
604 1048 675 1122 illo,
704 1048 782 1123 quod
800 1067 853 1122 per
876 1058 1009 1108 naturam

80 1145 138 1195 est.
185 1132 313 1194 Generat
328 1143 425 1194 autem
439 1135 569 1192 nationes
588 1133 741 1192 duodecim
754 1132 902 1191 studiosus
919 1153 1009 1209 ency-

80 1219 260 1296 clopaediae,
282 1231 352 1277 mm
367 1218 516 1295 encyclius
528 1237 668 1279 numerus
682 1225 726 1278 est
735 1217 878 1279 duodenis
895 1217 1009 1278 dierum

79 1324 285 1378 annorumque
303 1303 423 1378 periodi

84 1421 191 1508 (lucre
215 1418 303 1483 dicu:
342 1419 556 1482 Testrmentmu
581 1441 648 1481 veru
675 1441 767 1480 oscum
803 1431 931 1480 umorum
966 1415 1009 1478 ad

123 1505 342 1666 {maguum
364 1511 465 1584 pariet
487 1506 585 1600 Sucro
614 1519 741 1584 tenpore
769 1496 824 1566 loc
851 1525 930 1564 anuo
960 1497 1007 1563 ul·

168 1697 192 1767 l·
216 1700 267 1758 60.
311 1692 408 1777 Quem
421 1695 458 1758 ad
471 1691 589 1758 modum
608 1694 640 1756 in
660 1691 810 1758 lominum
829 1695 1009 1756 testamentis

80 1780 201 1856 quidam
219 1782 411 1842 inscribuntur
427 1781 564 1856 heredes,
596 1791 625 1842 et
643 1782 733 1856 aliqui
749 1782 831 1840 donis
849 1781 929 1855 digni
950 1778 1002 1838 ad-

82 1867 266 1939 scribuntur,
298 1887 373 1942 quae
397 1867 433 1925 ab
453 1861 606 1926 heredibus
623 1867 762 1942 accipiunt
769 1889 779 1940 3
808 1867 849 1926 sic
868 1866 954 1923 etium
969 1877 1046 1928 EA.

79 1949 110 2008 in
123 1950 223 2009 divino
239 1961 409 2010 testamento
424 1950 510 2011 heres
524 1951 686 2010 inscribitur
705 1950 775 2026 illa,
797 1951 847 2026 qui
863 1957 965 2008 natura
983 1950 1045 2010 23⁶

82 2035 191 2110 probus
204 2045 249 2096 est
265 2035 422 2110 discipulus
438 2035 496 2110 dei,
518 2036 652 2111 perfectis
668 2035 817 2094 decoratus
832 2033 1002 2094 virtutibus:

83 2121 134 2194 qui
149 2139 221 2178 vero
232 2141 285 2195 per
301 2121 432 2178 auditum
447 2121 651 2200 introducitur,
674 2140 707 2178 ac
719 2120 867 2178 subiicitur
884 2119 942 2195 legi
957 2136 1004 2178 sa-

83 2205 221 2280 pientiae,
241 2205 446 2280 participatque
459 2205 638 2281 disciplinam
650 2204 827 2282 eucycliam,
849 2203 934 2263 hares
946 2202 1004 2260 mi·

83 2291 161 2358 nime
176 2299 240 2366 est,
262 2289 314 2352 sed
329 2289 404 2350 dona
418 2291 521 2368 accipit
534 2291 625 2370 gratis
641 2310 785 2352 concessu.
828 2287 943 2352 Varum
958 2309 1005 2354 sas

82 2375 259 2450 pientissima
291 2377 399 2437 dictum
427 2388 491 2452 cst,
521 2397 596 2436 anno
627 2378 717 2438 altero
740 2397 842 2452 parere
861 2375 1005 2450 lsaacurn,

10 2511 12 2518 ,
82 2461 218 2534 quoniam
234 2481 293 2520 non
305 2464 463 2536 praesentis
476 2464 613 2538 temporis
628 2471 672 2522 est
685 2464 740 2522 ista
751 2464 829 2522 ritae
843 2463 901 2532 ***)
921 2461 1004 2537 geni·

81 2553 163 2620 tura,
184 2543 362 2605 sedalterins
378 2548 476 2623 magni
486 2556 515 2606 et
529 2549 616 2624 srrcria
634 2567 767 2622 quaeque
782 2547 878 2606 divina
897 2543 1005 2622 gaudet

81 2628 255 2688 abundantia
270 2632 380 2708 nimia,
409 2629 550 2707 nulloque
571 2631 658 2690 modo
679 2632 781 2692 similis
794 2631 928 2709 gentibu
946 2639 1001 2690 est.

84 2759 291 2846 Quocum:
321 2761 461 2824 Abruum
487 2779 551 2826 erut
577 2768 741 2844 nonaginta
769 2780 915 2826 eruum
943 2784 999 2824 uu·

121 2868 245 2924 nonno,
273 2868 361 2930 pamm
382 2854 565 2911 circumcisus
584 2865 647 2928 ese3
673 2849 783 2911 sorau
801 2847 1000 2930 mmfilius
1065 2882 1069 2886 ·

120 2935 183 2992 eiua
204 2955 349 2994 suanorum
369 2932 524 2994 mdccimi
546 2939 620 3008 ****)

163 3020 187 3089 l.
211 3025 263 3080 61.
306 3018 465 3096 Dispositio
493 3019 594 3080 estad
623 3021 817 3080 centenarium
844 3019 1000 3095 nonaginta

80 3111 107 3162 ct
133 3121 242 3162 novem
272 3123 414 3164 annorum
428 3121 590 3183 ¹nutrieram
619 3115 708 3181 atquo
737 3104 894 3165 secundum
922 3103 1000 3166 hunc

127 3273 410 3347 ⁴)Genat.17,2⁰.
466 3257 518 3355 ι·*)
537 3287 650 3340 [bid-u
669 3289 712 3338 21.
764 3285 819 3353 m)
835 3287 906 3338 Vela
931 3284 1003 3335 vitu

79 3362 113 3404 ul
128 3353 179 3406 islo
194 3355 326 3422 godoara.
362 3353 499 3418 Aurio„
543 3353 981 3418 ***‘)(ienss.17,2.2l-26.
