2406 3822
103 143 106 151 “
155 156 198 234 aa
228 159 340 223 rmn.
354 160 441 224 nm.
455 125 813 242 Quorsumnam.
826 159 867 224 n.
879 157 937 223 tv.
950 161 978 244 o.
992 167 1025 225 4.
1042 166 1073 227 a.

68 369 74 376 -
154 343 248 394 certus
272 331 401 403 redditur
427 323 589 390 intellectus
613 329 649 390 de
674 332 802 407 visione,
833 351 893 390 non
910 350 1074 407 pervagans
1194 385 1195 406 ,

112 435 115 444 ’
154 417 202 477 vel
226 417 360 476 aberrans
382 419 504 476 numero
523 419 597 475 trino
619 427 648 476 et
661 416 1020 492 quantitatemultitudinis
1037 436 1073 476 eo
1177 409 1195 476 ‚¹

155 502 296 562 violenter
313 512 463 575 attractus,
496 502 547 561 sed
568 522 684 562 currens
704 502 742 580 ad
761 522 872 560 unum:
896 503 1004 576 quique
1021 522 1073 576 ap·
1114 501 1117 508 ’
1155 535 1165 542 -

109 663 114 667 -
153 607 255 662 parere
276 607 308 646 se
329 587 397 648 fecit
416 589 478 646 sine
500 588 654 647 virtutibus
678 585 897 662 adsistentibus3
929 596 1015 660 atque
1032 588 1073 646 ita

109 723 112 728 ,
154 672 309 731 clarissime
331 673 452 732 intuitus
477 683 521 731 est
540 674 695 747 unitatem,
722 682 755 730 ut
776 673 856 748 prius
881 671 1013 730 trinitatis
1033 671 1073 730 si-

151 756 347 815 militudinem
366 769 616 834 gerere—noverat.
668 753 804 816 Ceterum
827 777 967 832 magnum
989 755 1100 832 quid·.

17 826 22 830 ⁵
99 909 102 914 ¹
154 842 220 900 dam
242 843 348 919 poscit,
379 863 438 900 non
468 840 709 918 praetermittere,
745 861 798 901 nec
824 841 924 916 procul
951 843 1076 901 transire

153 927 252 1001 deum,
274 927 408 986 derelicta
424 929 518 986 anima
531 929 621 1002 ipsius
629 927 756 986 desolata
767 936 853 1001 atque
865 927 954 985 inani.
998 923 1073 985 Tea
1125 978 1127 982 .
1194 935 1195 992 t

152 1012 249 1070 minus
264 1015 341 1071 enim
356 1013 499 1071 felicitatis
519 1023 562 1072 est
579 1013 626 1070 dei
650 1013 902 1088 appropinquantis
919 1009 1076 1088 adventur,
1099 1019 1100 1028 ’
1194 1007 1195 1046 ³

151 1095 217 1156 fuse
235 1097 396 1173 adimplens
410 1094 499 1156 totam
514 1100 639 1156 animam
659 1107 717 1156 toto
734 1117 786 1156 suo
800 1097 909 1166 lumine
926 1099 1018 1154 incor·
1034 1113 1067 1160 P·
1076 1119 1117 1169 Α,
1194 1113 1195 1118 ’

56 1227 58 1230 .
151 1202 240 1256 porco
259 1193 296 1241 et*
305 1185 495 1257 sempiterno:
517 1184 651 1242 miseriae
670 1183 767 1241 auter'n
787 1184 938 1252 (terminus
959 1185 1031 1254 est,)
1053 1187 1117 1249 247
1194 1207 1195 1236 1

123 1317 125 1320 .
153 1269 289 1326 transitus
297 1277 329 1325 ut
336 1289 389 1342 per
402 1269 498 1342 riam,
521 1269 575 1325 cito
591 1269 668 1346 euim
684 1269 766 1326 citius
780 1272 941 1342 sequuntur
955 1264 1073 1340 posthae
1194 1275 1195 1284 ¹

152 1351 416 1412 tenebraedensae
437 1351 665 1426 profundaeque,
709 1349 795 1410 Unde
820 1355 905 1422 etiam
928 1351 1073 1410 fratricida

68 1438 72 1444 '
153 1431 226 1495 Cain
254 1437 381 1510 dicebat,
414 1458 551 1512 magnaura
572 1449 613 1494 est
634 1433 771 1504 &mnam
792 1457 907 1512 poenae
936 1433 971 1494 id
994 1433 1076 1514 quod

128 1517 335 1599 ulerch‘nquas
355 1543 399 1580 me
411 1527 474 1594 *),·ι
489 1521 635 1596 indicans,
665 1541 724 1592 nou
740 1541 803 1580 esse
821 1541 944 1596 poenam
958 1523 1073 1580 animae

151 1607 291 1665 maiorem
318 1627 407 1682 quam
427 1601 587 1681 derelinqui
610 1627 628 1666 a
653 1607 717 1666 deo.
766 1605 890 1684 Moyses
908 1627 979 1666 vero
1003 1605 1073 1666 alibi

152 1689 235 1750 dicit:
266 1690 314 1750 Ne
335 1693 496 1772 auferam
516 1689 553 1750 ab
575 1695 616 1750 eis
636 1689 843 1767 dunipast„
864 1711 1009 1767 monens,
1028 1691 1079 1750 di·-

44 1774 46 1782 ’
152 1785 228 1837 stare
249 1778 386 1838 ,animam
411 1773 447 1836 ab
472 1779 546 1837 entis
570 1777 810 1853 contemplatione
832 1778 1072 1852 perfectissimum

128 1881 216 1944 ,esse
229 1862 388 1939 malorum3
417 1883 505 1938 qrram
520 1863 633 1922 obrem
650 1865 751 1922 nititur
764 1863 904 1938 populum
922 1863 1026 1921 ducere
1040 1863 1092 1920 in·
1194 1895 1195 1918 t

142 1965 301 2006 occursum
317 1947 384 2022 dei,
406 1948 506 2022 nequit
522 1950 600 2006 enim
618 1948 682 2006 fieri
697 1958 730 2006 ut
744 1947 793 2005 alii
810 1946 943 2006 homines
957 1947 1072 2006 satissa-

39 2062 45 2066 ·
152 2051 215 2090 cere
230 2031 299 2090 huic
310 2033 436 2106 possint,
468 2033 524 2090 nisi
541 2033 654 2091 auimao
675 2032 722 2090 dei
739 2032 970 2108 amantissimae,
998 2051 1071 2111 quas
1142 2083 1145 2091 ,

91 2197 95 2203 ἱ
112 2122 117 2132 ’
152 2115 273 2176 caeleste
287 2115 462 2178 desiderium
480 2117 671 2192 praeveniens
687 2118 845 2192 occupavit.

155 2284 217 2346 Uar
236 2287 343 2345 iterumn
363 2285 524 2360 pluraliter
544 2281 637 2348 dicit.-
665 2283 809 2346 Snnuaem
829 2307 908 2367 aqam
927 2299 955 2346 et
976 2285 1071 2346 luent
1103 2298 1106 2306 ’
1194 2311 1195 2324 ¹

186 2368 278 2448 pedes
288 2385 395 2432 vestros
412 2385 441 2431 et
452 2373 562 2454 frigas
574 2385 690 2449 copim
702 2370 755 2432 sud
774 2369 879 2434 miore
892 2369 1069 2460 denso***)i

182 2507 189 2516 '
237 2493 260 2562 l·
284 2493 316 2552 5.
357 2487 423 2550 Hoc
449 2511 565 2552 rursum
583 2491 742 2551 secundum
768 2491 888 2552 alteram
916 2491 1070 2566 apparitio·

150 2593 219 2634 nem
238 2575 357 2651 dicitur,
386 2595 444 2650 qua
467 2587 551 2636 tenus
574 2577 740 2652 peregrinos
759 2595 808 2636 eos
824 2584 921 2650 putat,
942 2595 1002 2633 non
1015 2574 1068 2636 ha·

150 2658 210 2720 bita
225 2671 301 2720 certa
319 2661 436 2734 notitia,
458 2661 511 2720 sed
521 2661 627 2722 iterum
640 2661 710 2722 illuc
723 2659 866 2723 violenter
882 2669 1017 2720 attractus
1032 2659 1068 2722 de

150 2747 258 2822 optima
267 2745 423 2822 divinaque
436 2745 518 2807 facie.
550 2745 649 2830 Quam
663 2746 700 2806 ob
715 2767 777 2806 rem
790 2761 884 2823 nequo
900 2746 1012 2806 iussum
1022 2745 1070 2806 dat

151 2833 316 2891 auctoritate
339 2833 473 2909 propria,
505 2833 561 2892 vix
579 2852 765 2908 praesumens
786 2831 885 2892 liberis
905 2831 955 2892 vel
977 2834 1069 2892 servis

151 2914 290 2979 exhibere
311 2917 449 2989 lotionem
467 2916 593 2994 pedum,
625 2917 677 2977 sed
694 2917 838 2994 eundem,
864 2917 946 2976 cuius
965 2917 1068 2976 faciem
1134 2955 1138 2958 -

150 3001 294 3060 visibilem
305 3002 360 3062 sibi
368 3002 536 3080 crediderat,
558 3013 702 3063 auctorem
710 3003 803 3064 voluit
815 3023 878 3062 esso
890 3003 962 3063 iussi
971 3001 1067 3063 dandi.
1194 2997 1195 3006 ¹

150 3083 258 3146 Dicens
276 3096 394 3165 autem,
423 3091 586 3164 accipiatur
605 3109 702 3168 aqam
729 3108 788 3176 non
809 3089 926 3148 adiecit:
955 3103 1067 3168 aquo·

7 3249 8 3258 t
56 3244 59 3248 ·
146 3235 363 3256 m
423 3239 425 3244 ·

200 3322 226 3382 ‘l
246 3321 432 3398 Gener.l,13
482 3322 521 3390 **)
538 3325 648 3377 Numer.
663 3324 706 3386 14,
723 3327 751 3379 e.
781 3321 841 3384 .**·*)
859 3326 954 3374 Gonu.
972 3319 1021 3382 ts,
1037 3319 1064 3372 l.
