2432 3826
211 253 277 322 too
318 254 430 318 niun
460 253 546 317 run.
568 253 700 317 onan
721 253 780 342 ou
812 251 924 318 roua
955 254 983 336 s.
1005 231 1136 336 [41:42.

211 445 283 486 num
300 443 389 484 manu
408 421 503 497 pulsat
517 434 546 482 et
563 423 795 482 lacrimabundus
810 423 892 482 dicits
915 421 981 498 Hoc
995 433 1136 499 eratpro·

211 520 275 586 pter
296 508 373 585 qnod
392 527 446 584 ego
464 508 627 584 fugiebam,
654 527 713 566 non
737 519 770 566 ut
791 509 886 566 omnia
902 503 1050 568 videntem
1065 528 1135 568 ocu-

211 595 275 657 lum
297 595 456 666 evitarem,
485 593 536 652 sed
558 604 590 652 ut
611 613 694 651 meae
715 593 810 652 famae
829 591 969 651 horrorem
986 595 1134 670 integrum
1204 631 1205 642 a

212 699 329 740 servare
340 677 533 750 decernerem,
555 680 625 738 satis
637 697 768 752 noscens,
790 698 849 736 non
864 675 901 736 ad
916 677 1133 752 dependendum

211 763 353 823 indixisse
379 763 549 822 sententiam
576 764 696 836 mortis,
730 783 826 836 neque
846 761 969 820 firmiter
989 765 1133 824 minatum

211 867 275 910 esse
292 869 370 919 cum,
391 849 441 922 qui
457 848 572 909 ruinam
587 846 705 922 relicere
718 847 891 907 intendebat.
914 845 1046 907 Sciebam
1061 848 1134 924 illis,

211 935 263 1008 qui
280 927 483 1008 precabantur,
505 933 605 990 adesse
621 933 667 990 dei
685 932 962 1008 reconciliationem
984 935 1038 992 vix
1056 934 1133 993 latu·

208 1039 276 1078 nrm
300 1019 432 1078 lacrimas
453 1017 523 1076 istas
541 1037 636 1091 neque
657 1017 857 1092 despectorum
876 1016 1046 1086 afflictorum
1067 1020 1132 1078 ani·

119 1103 121 1107 ’
153 1150 156 1154 ,
210 1123 296 1179 mos,
323 1101 406 1161 illum
432 1103 483 1174 qui
506 1111 676 1161 transmutat
693 1101 828 1162 vultuum
848 1103 992 1162 tristitiam
1016 1112 1046 1162 et
1062 1121 1132 1164 cou-

208 1187 298 1248 donat
323 1187 453 1264 precibus
478 1188 649 1248 seutentiam
671 1188 781 1248 mortis,

296 1373 319 1444 l.
342 1378 392 1434 42.
436 1371 502 1450 Ego
521 1385 618 1434 autem
638 1375 739 1454 fugam
754 1374 832 1449 cepi,
856 1383 892 1447 ,ut
911 1394 970 1433 non
985 1371 1079 1446 solum
1092 1375 1131 1458 13¹¹

123 1523 127 1528 ,
209 1468 285 1518 terra
304 1457 350 1516 dei
361 1457 577 1536 benignitatem,
599 1460 651 1520 scd
666 1462 753 1519 ctiam
768 1462 799 1517 in
812 1461 885 1518 mari
899 1459 1034 1518 virtutem
1046 1479 1131 1534 prae·

209 1542 319 1602 dicem:
358 1544 501 1617 quomodo
525 1565 630 1626 nempe
659 1555 805 1619 tamquam
834 1563 918 1602 curru
946 1543 1076 1603 residens
1098 1545 1143 1602 in-

209 1637 311 1688 ventre
327 1626 410 1706 (ceti)
429 1631 562 1703 portabat
578 1641 607 1692 et
620 1630 763 1704 quomodo
779 1623 925 1686 inimicum
941 1631 1130 1704 interempto·

208 1731 329 1788 remque
344 1724 438 1772 cenam
451 1715 597 1776 custodem
608 1717 733 1790 corporis
749 1716 807 1773 mei
823 1711 982 1789 habebam}
1011 1724 1040 1772 et
1056 1735 1130 1789 quo-

95 1827 100 1834 ·
208 1797 296 1858 modo
321 1809 401 1858 tutus
424 1809 564 1874 spectator
583 1802 657 1878 inter
677 1800 804 1874 pericula
827 1798 930 1857 sedens
953 1799 1130 1874 guberuator
1204 1857 1205 1882 ἢ

208 1885 263 1942 ceti
280 1883 401 1943 iuterim:
431 1887 472 1944 ita
486 1895 535 1961 ut,
556 1905 619 1944 mea
635 1885 796 1959 sententia,
818 1893 893 1942 certa
915 1903 984 1942 sane
996 1893 1130 1956 cta-risten·

208 1969 288 2042 tique
310 1969 458 2026 oculorum
479 1968 731 2046 comprehensione
750 1970 879 2028 viderem
896 1970 984 2026 inuris
1006 1969 1129 2030 radices.

207 2049 274 2128 Ego
301 2053 362 2111 vidi
375 2054 473 2130 abyssi
491 2055 582 2112 imum
608 2055 722 2130 pusillis
748 2052 794 2114 his
817 2053 907 2113 ocrrlis
931 2063 960 2110 et
981 2047 1078 2128 petrus
1096 2053 1129 2112 in
1203 2077 1204 2126 j

207 2137 303 2195 medio
318 2137 460 2196 standarum
471 2139 610 2200 radicatos
630 2140 782 2214 lucemque
794 2139 978 2197 irradiantem
990 2139 1020 2196 iu
1036 2159 1129 2214 aqua·
1203 2165 1204 2192 n

206 2241 274 2282 rum
297 2221 447 2298 decorem,
487 2234 597 2286 aestum
626 2225 786 2296 undarum,
822 2222 927 2282 saltum
949 2224 1129 2283 marinorum

208 2303 358 2390 (piscium)
385 2306 507 2370 hilarem
534 2320 564 2369 ct
585 2312 739 2372 varietates
762 2309 920 2366 formarum
946 2307 1128 2372 animalium.

206 2388 326 2451 Novum
342 2395 441 2472 utique
463 2393 554 2453 alium
579 2393 717 2454 mumdum
735 2395 816 2470 attigi
834 2404 898 2468 post
918 2395 1006 2450 istum
1022 2390 1128 2452 liuma-
1202 2435 1203 2444 η

202 2495 281 2534 *num
296 2478 326 2534 iu
349 2477 418 2554 lupa
435 2499 499 2537 mco
515 2489 544 2539 et
565 2490 667 2539 natans
683 2501 748 2538 cnm
766 2478 939 2554 aquatilibus
954 2478 1047 2536 fa'ctns
1061 2498 1129 2540 sum

207 2581 280 2637 ego:
309 2561 383 2619 inter
401 2565 531 2639 gurgites
544 2567 670 2624 marinae
690 2565 798 2624 bestiae
816 2584 896 2622 more
920 2564 1046 2620 rrrrtritus
1060 2583 1128 2622 sum

207 2656 237 2705 et
252 2644 404 2704 humidum
421 2668 487 2706 aera
502 2671 554 2724 pro
572 2650 651 2708 arido
669 2651 756 2725 suxi,
787 2645 933 2708 attrahens
952 2667 991 2705 ex
1006 2647 1060 2708 ceti
1074 2667 1128 2721 pa·

206 2729 265 2788 lato
278 2732 514 2808 respirationem
537 2743 566 2792 et
585 2755 650 2793 cum
667 2734 832 2794 seroce'fera
845 2733 949 2798 saltari
963 2741 992 2790 et
1008 2740 1127 2792 natanto

206 2816 418 2876 corrcnrrebarn.
436 2816 572 2914 Quoties
585 2839 671 2894 super
684 2820 801 2878 dorsum
811 2819 898 2876 meris
913 2817 1045 2876 clevatus
1063 2835 1126 2874 am·
1201 2843 1202 2891 ;

204 2899 340 2959 bulabam
368 2911 397 2960 ct
425 2922 476 2978 per
500 2905 554 2964 ceti
582 2905 679 2964 oculos
710 2907 782 2964 sicut
806 2904 933 2962 alienum
957 2921 1133 2976 novumque·

205 2985 267 3045 vidi
281 2985 432 3046 mundum.
476 2986 599 3066 Quoties
612 2991 642 3047 iu
662 2989 756 3052 medio
772 2989 870 3066 abyssi
890 2987 927 3046 ad
942 2987 1030 3044 maris
1048 2987 1125 3046 iace·

204 3067 273 3128 bam
287 3071 397 3143 imum,
420 3069 457 3130 ad
475 3071 595 3132 bestiam
611 3075 800 3148 contendeus,
821 3073 939 3158 irrrebar
954 3071 1060 3148 abysso
1070 3092 1078 3146 3
1089 3086 1166 3136 M.
1200 3129 1201 3138 ,

205 3161 236 3214 ct
251 3156 402 3215 cernebam
419 3158 562 3230 quomodo
578 3159 669 3217 imum
685 3161 772 3217 maris
785 3158 859 3216 infra
876 3157 984 3232 stabat,
1006 3155 1165 3233 atys-out
1200 3161 1201 3225 i

94 3269 99 3276 ·
204 3258 239 3300 so
258 3240 383 3315 agitante
413 3239 506 3298 locum
529 3251 558 3300 et
583 3255 702 3320 cogente
727 3245 831 3318 aperiri
851 3251 962 3318 portam
988 3239 1126 3318 gurgitis,

203 3324 296 3384 ita-nt
317 3326 431 3399 copiose
450 3327 598 3404 scaturiret
615 3329 709 3387 omnis
726 3349 818 3404 aqua;
841 3323 1127 3408 Leviathoulautem
1199 3349 1200 3362 ³

167 3437 171 3448 ·
204 3415 354 3486 opponens
377 3427 480 3484 eorpus
505 3429 591 3472 suum
609 3414 733 3491 gurgiti,
759 3411 885 3490 globulis
901 3410 1048 3487 operiebat
1061 3409 1128 3470 loca
