2406 3822
86 187 308 304 amnium.
323 203 564 291 Qunnsnnu
581 203 676 270 anu.
688 200 772 270 ιιιι.
784 204 841 270 ιιι.
858 153 950 290 deo,
970 201 1015 313 ts

86 379 252 445 dationibus
267 381 315 456 *);
341 377 457 436 etenim
485 379 536 454 qui
560 377 764 455 ingrediuntur
784 379 814 436 in
839 375 1015 452 templorum

89 467 184 541 atria,
207 461 278 539 iper
305 461 480 522 ablutiones
498 473 528 522 et
557 465 736 540 aspersiones
765 461 951 522 mundantur.
978 477 1059 531 M.

13 551 20 566 '
89 549 242 628 Aegyptii
264 567 350 622 porro
372 557 401 606 et
421 557 513 608 totum
532 550 637 608 radunt
660 539 779 623 corprts,
809 547 972 628 auferentes
994 553 1056 608 221

88 637 167 714 pilos
186 642 322 710 tegentes
339 633 582 708 obscurantesqne
603 641 730 708 corpora,
753 633 908 692 utcandidi
923 632 1018 690 omui·

89 740 130 780 uo
149 729 327 796 appareant:
363 737 467 778 rernm
490 737 549 776 non
569 719 713 776 modicum
737 720 819 776 iuvat
842 717 880 776 ad
902 715 1019 777 mundi·

90 808 164 865 tiam
177 802 266 880 pellis
282 805 468 878 circumcisio,
489 803 561 862 alias
575 802 741 862 abhorreret
751 805 904 880 quispiam,
926 821 1019 878 quau·

91 887 129 950 do
148 889 284 960 vidisset,
307 889 405 946 sicut
392 901 428 945 ιιι
445 908 477 946 se
492 899 545 949 est.

183 971 311 1065 Quarto,
334 972 407 1031 dno
414 975 511 1031 suut
501 995 532 1032 ιιι
553 973 636 1033 uobis
656 974 841 1050 generativa,
871 973 903 1030 iu
923 971 1019 1032 anima

94 1069 125 1121 et
145 1059 178 1117 in
199 1075 334 1132 corpore·
365 1059 564 1134 generativum
579 1060 692 1118 animae
707 1059 861 1117 intellectio
878 1065 908 1118 et
919 1077 1019 1132 corpo-

91 1145 373 1205 risinsnumontum
392 1163 568 1218 corporeum.
612 1141 781 1203 Voluerunt
802 1145 891 1219 igitur
910 1143 1021 1218 antiqui
1063 1211 1066 1221 ¹

7 1227 10 1234 '
93 1228 135 1288 ad
155 1228 348 1286 imitationem
371 1227 588 1308 irrtellectionis,
610 1249 688 1308 quae,
706 1229 799 1304 magis
819 1235 863 1288 est
878 1227 1022 1304 generati-

93 1335 168 1375 vum
194 1311 305 1388 cordis,
337 1311 445 1372 referre
466 1315 665 1390 generativum
691 1315 832 1390 corporis:
870 1323 900 1372 et
919 1330 1022 1371 revera

95 1398 175 1459 nulli
196 1399 238 1456 ita
256 1397 378 1456 similius
393 1399 551 1476 reperitur,
579 1418 667 1473 quam
689 1397 893 1473 circumcisioni
909 1395 1021 1456 'cordis-

95 1481 182 1542 Haec
200 1502 271 1558 ergo
288 1493 358 1542 sunt
375 1501 407 1541 re
424 1488 486 1558 ipsa
505 1483 610 1562 facta,
621 1485 694 1542 sicut
720 1483 878 1542 celebratae
897 1483 1032 1541 rationes

96 1588 199 1631 terum
215 1569 426 1644 quaesitarum
456 1587 560 1628 rerum
576 1556 649 1628 de''
629 1588 683 1644 ns,
712 1589 787 1644 qnae
810 1567 944 1646 symbola
960 1585 1024 1626 ma·

96 1655 160 1714 iora
176 1649 303 1726 habent,
333 1673 492 1732 quaeque
483 1663 590 1714 certam
611 1654 778 1729 praeferunt
791 1655 947 1727 rationem,
979 1651 1023 1710 di·

98 1737 225 1801 cendum
246 1747 299 1796 est.

187 1815 372 1883 circumcisio
390 1825 480 1901 igitur
505 1823 593 1901 pellis
616 1823 783 1902 symbolum
810 1840 874 1884 esse
910 1821 1023 1897 dicitur,

100 1908 186 1984 quasi
216 1927 288 1968 vero
320 1917 448 1984 oporteat
471 1909 632 1986 superfluas
655 1903 831 1984 modumque
852 1906 1025 1966 excedentes

101 1992 271 2053 abscindere
286 1995 464 2070 cupiditates,
485 1994 843 2071 coutinentiae‘religiouis
865 1989 1024 2052 studendo:
1125 2027 1130 2036 ·

100 2098 170 2139 narn
191 2079 332 2154 quemad
348 2081 466 2139 modum
477 2081 514 2142 ad
522 2082 738 2158 generationem
755 2095 972 2180 superuacanea
982 2083 1027 2136 est

101 2163 189 2240 pellis
205 2165 363 2248 praeputii
385 2186 501 2241 unaque
518 2165 620 2226 nociva
635 2166 671 2224 ob
689 2165 857 2224 morbum
848 2163 925 2240 aguis
943 2162 975 2219 in
990 2179 1027 2222 ea

95 2247 250 2322 ardentis,
277 2249 318 2326 sic
337 2251 424 2328 etiam
448 2252 528 2326 copia
552 2247 716 2326 cupiditatis
736 2259 795 2308 tam
815 2263 1027 2324 supervacanea

103 2343 162 2406 est,
186 2353 275 2408 qnam
296 2336 472 2408 perniciosas
503 2355 725 2436 supervacanea,
748 2335 816 2408 qnia
836 2351 895 2391 non
916 2341 960 2391 est
980 2349 1028 2392 rea
1049 2393 1052 2405 ,

103 2419 284 2496 necessaria3
320 2427 350 2478 et
369 2421 545 2497 peruiciosa,
577 2423 645 2502 qnia
666 2420 830 2481 morborum
856 2435 958 2492 caussa
968 2419 1029 2474 est
1138 2469 1143 2476 .
1196 2451 1197 2478 ι

104 2503 232 2578 corporis
255 2513 284 2562 et
304 2505 426 2564 animae.
480 2503 538 2564 Per
561 2496 744 2582 cupiditatem
769 2512 865 2562 autem
889 2501 1029 2560 maiorem
1063 2553 1068 2558 ,

103 2596 204 2658 mouet
221 2587 406 2648 abscidendus
422 2609 486 2650 esse
502 2600 610 2650 ceteras
628 2609 743 2666 qnoque
744 2587 939 2662 cupiditates.
960 2582 1029 2644 Μι-
1098 2645 1101 2652 ,

104 2673 267 2731 {orantem
289 2671 392 2732 dicitru
412 2675 481 2751 illa,
510 2696 584 2751 quae
601 2676 716 2750 respicit
733 2673 947 2732 matrimonium
964 2688 1029 2728 ma·

105 2757 145 2816 ris
167 2777 235 2816 cum
248 2757 376 2834 femina,
407 2761 545 2836 qnoniam
563 2771 592 2820 et
612 2779 745 2837 maguae
755 2759 798 2818 rei
816 2758 929 2816 initium
950 2755 1033 2836 facit„
1196 2817 1197 2830 χ

106 2843 302 2920 generationis
316 2843 461 2918 videlicet,
493 2855 522 2904 et
538 2865 676 2922 magnum
699 2842 874 2902 desiderium
895 2847 1031 2942 operatur
1114 2893 1126 2914 „
1196 2847 1197 2902 ζ

106 2928 138 2985 in
168 2927 348 3002 genitoribus
369 2947 421 3004 pro
444 2932 630 3080 peregrim..
635 2928 765 2989 naturale
788 2936 833 2986 est
856 2927 934 2986 enim
948 2944 1030 3001 arga

106 3011 205 3086 proles
225 3011 300 3070 affici
317 3017 432 3090 caritate
455 3035 488 3072 ac
540 3015 641 3074 audiri.
684 3011 811 3072 Mouet
802 3013 890 3088 rgitnr
912 3023 1031 3069 nonsa-
1064 3047 1070 3057 x

107 3095 171 3154 Ιιιιιι
197 3096 367 3173 cupiditates
389 3097 598 3182 exsuperantes
616 3097 776 3170 abscidere,
805 3095 961 3156 sedetiam
983 3115 1033 3155 sn·

108 3179 261 3258 perbiam,
286 3191 318 3240 ut
342 3204 477 3261 magnam
494 3185 635 3244 malitiam
655 3201 779 3258 eamque
802 3200 862 3242 unu
885 3182 1032 3242 nutritam

64 3411 69 3416 .
161 3365 188 3426 ‘t
206 3368 279 3418 Vei:
294 3327 527 3448 nostiam
512 3385 541 3420 m
556 3367 637 3420 socru
651 3366 720 3418 locis.
755 3365 841 3418 Auci.
892 3412 895 3420 ι
