2406 3822
7 247 8 250 κ
98 219 213 284 nnn.
239 201 938 306 rnn.'ounnsr;ntcnn.n.1v„pa
980 223 1025 292 or

7 407 8 456 1
98 403 148 453 tur
172 392 289 466 omnia,
315 391 455 466 principio
473 391 559 452 ducto
575 401 605 452 et
621 391 718 452 medio
741 401 770 452 et
786 391 868 467 fine;
899 410 1023 466 qnorum

7 551 8 556 ἵ
96 471 257 552 utrumque
285 479 372 534 inane
398 478 570 550 comperitur
600 479 662 536 sine
688 478 771 536 tertia
791 487 892 552 parte,
924 495 1024 536 carena

97 563 280 622 exsistentia.
333 559 434 642 Quare
446 558 593 620 Homerus
611 581 669 620 non
684 561 789 622 frustra
804 561 897 636 dixit,
926 561 1023 620 omnia

7 651 9 668 '
33 707 40 726 ⁴
96 647 249 722 tripliciter
260 645 360 726 *divisa
382 665 464 721 esse3
496 656 525 704 et
540 641 725 722 Pythagorici
745 643 1023 706 triademinnume·

95 733 137 792 ris
155 741 187 790 et
213 733 245 788 in
263 730 366 810 figuris
388 729 586 806 rectnngulnm
604 741 633 788 et
657 729 832 805 triangnlrun
857 740 1023 806 supponunt

95 837 150 892 pro
167 811 459 876 elemento'scientiae
472 815 684 874 universorum.
729 813 825 872 Prima
837 816 925 890 igitur
939 835 1022 874 men·

95 920 166 960 sura
180 911 225 960 est
234 944 245 976 „
264 903 348 960 iuxta
364 921 451 974 quam
468 902 599 959 constetit
612 901 796 974 incorporeus
813 910 841 958 et
852 899 1020 976 intelligibi-

58 983 60 990 '
95 985 134 1044 lis
147 985 312 1052 mundus.¹
334 982 467 1043 Secunda
477 987 561 1044 iuxta
581 1005 669 1058 quam
686 993 877 1043 constructum
892 994 935 1043 est
954 1005 1021 1044 sen·

95 1071 182 1130 sibile
198 1071 310 1129 caelum
335 1072 365 1126 in
384 1072 484 1144 quinto
506 1069 690 1145 (elemento),
718 1070 859 1144 particeps
881 1070 1021 1128 mirabilia

94 1153 259 1233 acxdirinae
276 1155 429 1231 essentiae,
450 1154 628 1213 immutabile
640 1153 798 1214 secundum
811 1153 923 1212 illudet
936 1155 1021 1228 quasi

93 1239 231 1300 similiter
244 1260 277 1298 se
286 1238 406 1299 habens.
450 1236 549 1298 Tertia
558 1259 639 1312 vero,
662 1237 928 1313 quemadmodum
945 1238 1020 1298 sacta

95 1335 166 1384 sunt
189 1323 372 1400 sublunaria,
400 1343 440 1382 ex
457 1332 580 1398 quantor
602 1323 752 1382 elementis
774 1333 885 1398 terrae,
914 1337 1019 1400 aquae,
1103 1369 1106 1374 -

95 1411 185 1485 neris,
206 1411 300 1484 ignis,
316 1410 529 1485 generationem
542 1427 575 1466 ac
592 1410 802 1484 corruptionem
817 1409 925 1466 sortita.
968 1405 1019 1466 In·

95 1489 298 1570 corporearum
324 1515 394 1570 ergo
413 1495 593 1568 specierum,
620 1493 726 1568 qrribus
745 1491 935 1568 intelligibilia
955 1511 1019 1552 ere·

94 1589 159 1638 ctus
175 1589 219 1638 est
228 1577 364 1651 mundns,
385 1597 520 1638 mensura
538 1587 581 1636 est
595 1577 714 1636 dicenda
726 1578 855 1636 maxima
870 1576 921 1634 illa
936 1597 1018 1637 caus-

94 1679 214 1724 sarum:
244 1665 361 1738 quintae
377 1683 448 1722 vero
471 1662 615 1722 sensibilis
641 1671 670 1720 ct
685 1661 844 1736 periodicas
865 1663 1017 1739 essentiae,

93 1769 186 1823 quam
195 1750 294 1808 sortita
303 1758 346 1808 est
355 1747 476 1821 meltum,
492 1749 617 1806 creatira
625 1747 675 1804 illa
686 1747 759 1804 entia
769 1747 872 1820 virtus,
882 1767 975 1820 qrrou-
983 1761 1013 1808 Ρ.
1021 1754 1058 1804 Δ.

93 1835 154 1892 iam
172 1853 262 1908 purae
277 1853 310 1892 ac
318 1853 415 1892 merae
426 1833 567 1907 particeps
583 1832 639 1890 suit
648 1829 852 1890 beneficentiae
862 1831 979 1888 immor·
995 1825 1056 1889 ast

93 1918 179 1993 talis,
202 1920 365 1992 incorrupta
381 1928 461 1992 parte
478 1915 650 1992 praeditum.
694 1912 907 1974 Sublunaribus
919 1924 1017 1974 eutem

92 2004 175 2080 regia
189 2003 307 2078 virtus,
335 2023 369 2061 eo
382 2002 460 2078 quod
472 2002 623 2060 mutationi
643 2000 784 2059 subnexis
807 2001 881 2074 sint,
903 1999 1020 2074 partici-

93 2097 199 2164 pantes
223 2089 437 2164 generationem
457 2096 494 2146 ·et
520 2087 741 2160 corruptionem.
791 2082 925 2144 Verbum
945 2104 1016 2144 vem

93 2182 205 2232 certium
231 2173 380 2248 regiminis
401 2171 546 2230 auxilium
567 2171 684 2245 praebet
705 2171 735 2228 in
759 2167 897 2228 faciendis
916 2170 1014 2246 rebus,

91 2258 154 2319 illis
183 2259 234 2334 qui
260 2257 371 2332 aliquid
391 2265 534 2334 peragunt
557 2256 800 2332 persolvuntquer
833 2255 1015 2330 peccantibus

92 2353 193 2410 antem
217 2343 434 2424 aliquatenus,
455 2361 507 2426 per
519 2343 717 2423 nugatores
736 2339 846 2404 debitas
864 2341 1015 2402 eorrectio·

91 2455 162 2496 nem
189 2435 393 2510 reformatam
429 2433 531 2494 ceteris
559 2453 629 2492 vero
655 2432 796 2488 immenso
826 2437 855 2486 et
876 2425 1016 2485 indicibili

90 2519 181 2580 modo
201 2520 481 2596 praevaricantibus,
503 2518 664 2580 absolutam
677 2513 893 2576 retributionem
904 2530 1017 2589 poenae

89 2625 124 2666 ac
146 2605 291 2681 supplicii.

176 2689 281 2764 Itaque
293 2691 433 2753 veraciter
445 2688 601 2764 ac‘proprie
614 2683 778 2762 loquendo,
800 2699 935 2742 mensure
948 2681 1014 2738 uni-

88 2795 261 2852 versorum,
282 2783 342 2834 tam
355 2773 598 2852 intelligibilium,
619 2791 707 2846 qnam
719 2767 917 2843 sensibilium,
938 2783 1027 2825 nnus·

90 2871 136 2920 est
154 2859 247 2932 deus,
270 2862 320 2935 qui
337 2862 367 2917 in
384 2862 445 2934 ipsa
465 2861 574 2918 unitate
591 2858 709 2916 trinitati
723 2852 827 2912 similis
845 2859 962 2926 apparet
976 2849 1013 2910 ob

88 2943 255 3006 videntium
275 2943 482 3004 infirmitatem.
526 2941 673 3022 Quoniam
696 2938 795 2998 oculus
816 2937 906 2996 animi
924 2954 1013 3010 quam

88 3029 204 3092 lucidus
214 3029 380 3088 obscuratur
395 3039 461 3088 ante
476 3047 565 3104 quam
578 3026 656 3084 fixus
672 3021 759 3084 suerit
773 3023 804 3080 in
817 3021 902 3083 illum
911 3039 1014 3079 secun·

89 3115 161 3174 dum
183 3115 340 3190 unitatem,
371 3115 519 3188 incompos
535 3109 763 3171 videndtsolum
783 3107 846 3182 sine
866 3105 924 3164 alio
940 3123 1013 3179 quo·

89 3199 168 3259 dam.
213 3195 296 3257 Sicut
316 3201 394 3258 enim
410 3197 534 3272 corporis
550 3195 649 3254 oculus
663 3193 765 3252 debilis
782 3191 893 3262 factus,
926 3206 1015 3263 saepe

89 3305 130 3344 ex
139 3283 325 3345 unalncerna
335 3283 480 3358 duplicem
492 3281 606 3356 attingit
623 3279 849 3356 apparitionem,
871 3275 911 3333 sic
925 3275 1013 3333 etlam

88 3370 204 3431 ammae
227 3367 328 3429 oculus
349 3389 440 3444 quum
463 3373 590 3442 nequeat
611 3383 704 3424 unum
723 3363 796 3422 sicut
817 3379 910 3419 nntrm
934 3375 1013 3418 corn·
