2406 3822
29 281 38 292 ,
85 265 86 270 a
143 164 1086 318 ‘10PfflL.1Un,QUAasT;11tJGEN3LIB.IIL}ssa
1191 213 1197 278 a

170 385 260 446 lectae
282 380 449 460 exspectant
465 383 568 446 ¹odores
591 384 737 445 communi
751 387 872 459 actione.
913 382 1088 446 Sio'mnuus

153 473 155 476 ’
171 490 288 546 quoque
304 491 363 528 non
378 472 519 540 corrtrario
536 481 649 546 aspectu
665 471 846 547 iactassent,
868 471 919 532 sed
936 481 969 532 ut
984 472 1088 532 fratres

102 593 103 596 =
171 566 202 614 'et
215 565 310 630 partes
328 555 487 614 divisibiles
505 557 534 612 in
549 575 580 616 se
596 557 719 615 inuicem
736 565 905 630 spectantes,
927 576 967 615 ex
985 567 1089 616 natura
1194 593 1195 598 κ

171 649 355 714 praeparatae
369 640 405 698 ad
421 641 615 714 operationem
627 636 833 718 negotiumque
844 643 899 700 sibi
913 650 1087 715 competens,

119 763 121 768 ,
171 725 202 782 in
220 725 508 801 anibusaccipiendi,
531 725 617 784 dandi
635 737 665 784 et
680 726 826 800 operandi.
869 723 938 785 Non
958 725 1041 784 aliter
1055 741 1089 786 sa
1195 743 1197 788 l

170 807 278 868 habent
296 819 325 867 et
349 810 455 884 pedes,
486 831 610 886 quorum
628 821 749 886 uterque
773 811 814 870 ita
837 819 1027 885 serpraestot,
1055 819 1089 870 ut

172 893 306 952 concedat
325 893 494 952 alteralteri
512 905 541 953 et
560 915 676 971 gressus
696 905 777 953 motu
796 896 947 954 amborum
967 915 1089 970 peraga-
1145 899 1154 924 '

172 989 236 1054 tur3
264 979 303 1036 ita
319 988 351 1036 ut
365 980 523 1053 perunum
540 980 636 1038 solum
650 990 775 1055 nequeat
786 999 832 1038 res
847 979 983 1054 persolvi.
1013 977 1090 1038 <Noc
1155 986 1158 992 ’
1196 1001 1197 1044 t

173 1063 355 1130 solummodo
370 1081 486 1138 gressrrs
502 1074 531 1122 et
548 1065 646 1136 tibiae,
667 1083 770 1124 seuam
784 1067 871 1123 etiam
885 1084 967 1122 crura
984 1073 1014 1123 et
1025 1083 1089 1123 sea·
1196 1093 1197 1122 ;

173 1147 260 1222 palae
280 1157 309 1206 et
329 1167 428 1208 coxae
439 1157 468 1206 et
491 1149 580 1207 ubera
597 1160 750 1224 partesque
769 1149 889 1208 dextera
912 1159 944 1208 et
962 1149 1088 1222 sinistra,

174 1231 321 1292 simillime
343 1232 539 1304 mododivisa
556 1234 681 1292 indicant
702 1233 894 1309 harmoniam,
915 1235 1089 1293 convenien-
1196 1263 1197 1288 1

103 1327 108 1334 “
151 1357 153 1362 ι
173 1318 244 1376 tiam
262 1326 348 1391 atque
372 1319 510 1377 unionem
532 1328 678 1392 tamquam
699 1319 936 1393 connaturalium,
958 1317 1088 1395 singulo·
1196 1313 1197 1346 l

165 1419 238 1461 *mm
253 1411 322 1476 puta
336 1401 418 1458 iuxta
434 1401 564 1478 singulas
580 1406 690 1478 species
704 1401 959 1462 dinumeratoium.
1074 1415 1106 1465 P.
1116 1415 1158 1468 A.
1196 1365 1197 1450 l

180 1495 206 1556 s
252 1483 298 1542 Et
314 1487 474 1545 universim
491 1489 664 1562 quicumque
682 1488 770 1547 simul
788 1501 817 1546 et
835 1507 926 1561 aeque
940 1487 1160 1562 bipartitast'l'l
1196 1475 1197 1558 l

172 1577 268 1645 partes
288 1573 473 1646 praescriptas
497 1573 655 1632 consideret
672 1574 702 1630 in
725 1593 817 1631 unum
839 1571 983 1646 collectas,
1004 1572 1088 1630 inve·

173 1657 234 1713 niet
250 1663 339 1713 arnam
355 1675 395 1714 ex
413 1657 551 1714 ambabus
568 1658 725 1716 conlectam
742 1650 885 1716 naturam.
928 1655 1010 1716 Sicut
1023 1675 1087 1714 ma·
1190 1705 1197 1718 e

120 1797 126 1804 ,
174 1757 230 1797 urrs
249 1741 350 1798 unitae
367 1740 530 1816 ligataeque
553 1761 618 1800 cum
639 1743 737 1818 digitis
761 1753 916 1800 eerrnmtur
940 1761 1007 1800 cum
1028 1739 1089 1799 illis
1196 1739 1197 1758 ¹

173 1821 353 1882 hannoniam
373 1845 441 1899 prae
461 1845 492 1884 se
510 1827 602 1902 ferre3
636 1837 665 1885 et
683 1827 772 1901 pedes
791 1827 933 1886 recollecti
955 1829 986 1884 in
1003 1827 1088 1883 uuio·

173 1925 242 1968 nem
261 1909 395 1984 tendere3
426 1919 555 1970 et-aures
572 1921 758 1988 congregatae
780 1931 833 1986 per
854 1912 954 1969 orhem
975 1909 1088 1984 figurae

174 1991 375 2066 amphitheatri
391 2013 456 2052 earm
471 1996 620 2054 intervallo
636 2017 667 2054 se
683 1998 777 2054 rrrrire.
817 1993 870 2052 Sic
885 1996 974 2070 igitur
985 2001 1088 2054 nauus

99 2145 103 2150 ⁴
174 2087 271 2136 nostra
294 2097 408 2152 semper
431 2079 468 2138 ad
487 2079 617 2155 singulas
636 2082 762 2154 species,
793 2078 926 2153 illarum,
957 2077 1088 2154 quaein

166 2161 257 2220 ¹nobis
271 2163 380 2238 insunt,
402 2165 526 2237 partium
544 2164 715 2223 divisionem
733 2164 852 2238 iaciens,
872 2163 1011 2222 sectiones
1028 2159 1088 2221 dis·

174 2247 271 2305 iuuxit
288 2246 484 2322 disposuitque
505 2251 587 2323 qrrasi
607 2256 704 2307 contra
725 2249 915 2322 seinvicem,
944 2267 979 2306 eo
1000 2245 1087 2306 mado

174 2351 232 2406 qrro
252 2331 393 2414 murndum
413 2332 533 2408 digessit
545 2337 588 2404 *):
622 2335 695 2394 sicut
713 2334 799 2392 etiam
817 2333 853 2392 ad
875 2332 968 2392 facilis
987 2351 1087 2406 opera·

72 2473 75 2484 ,
111 2409 140 2484 ’,
173 2417 483 2476 tionis'ministerium.
536 2415 576 2486 Et
593 2419 696 2476 iterum
719 2415 833 2494 singula
854 2419 936 2476 iuxta
957 2416 1087 2492 singulas

173 2501 283 2574 species
305 2500 435 2560 adunivit
455 2504 486 2559 in
503 2501 592 2560 undm
614 2505 763 2574 actionem,
789 2502 968 2575 eandemque
985 2520 1087 2575 opera·

172 2585 291 2659 donem,
313 2583 451 2660 colligens
466 2588 561 2645 omnia
577 2589 734 2647 universim
746 2587 933 2646 considerata.
1020 2659 1024 2664 ἡ

257 2666 320 2728 Nec
338 2670 432 2728 solum
448 2681 542 2744 partes
560 2675 683 2746 corporis
702 2672 782 2732 sidet
801 2671 905 2744 aliquis
920 2669 1087 2729 sictonam

74 2755 77 2763 ⁴
134 2801 139 2816 .
172 2761 203 2814 et
224 2771 325 2830 pares,
355 2756 387 2812 in
410 2757 516 2814 sanione
536 2755 689 2816 disiunctas
712 2767 741 2814 at
762 2759 793 2814 in
819 2755 959 2813 divisione
977 2755 1084 2828 unitas,

171 2837 222 2896 ted
250 2840 347 2896 etiam!
367 2841 491 2898 arrianae.
547 2839 695 2920 Quoniam
719 2861 790 2899 vero
812 2838 900 2896 huius
923 2837 1085 2912 superiores

169 2923 309 2982 smfiouos
335 2921 408 2982 duae
439 2927 511 2984 sient
540 2926 659 2984 totidem
684 2925 796 3000 plateae
823 2931 908 2997 sunt,
938 2921 1086 2984 renouatio

167 3025 272 3082 nempe
293 3016 323 3066 et
342 3009 522 3083 irrationalis,
544 3020 640 3084 partes
657 3012 809 3084 utriusque
830 3007 964 3068 sectionis
978 3005 1086 3067 hahent

169 3105 379 3132 ...s-...-

217 3157 244 3222 *)
263 3160 316 3209 Hie
334 3145 548 3226 Graece'udcpoc
564 3159 688 3219 scriptum
706 3161 859 3219 ersaquod
876 3173 960 3218 aequa
976 3154 1085 3206 mandas

166 3236 244 3288 arque
261 3239 443 3278 ornamentum
462 3238 562 3288 poterat
578 3227 655 3286 verri,
674 3236 751 3288 quam
770 3232 803 3277 ob
818 3241 874 3276 rem
885 3225 952 3274 verri
970 3224 1034 3284 sicq

165 3309 216 3358 qtae
233 3297 345 3357 peterit:
381 3299 436 3344 Hoc
458 3293 533 3344 modo
554 3295 751 3344 accommodavit
773 3304 827 3343 mm
850 3293 884 3342 acl
909 3238 1083 3344 mamclh

164 3363 287 3428 (acturae
302 3364 343 3414 rel
358 3361 470 3430 mundi),
486 3372 542 3414 turc
558 3363 594 3412 ud
603 3363 698 3430 facilia
712 3372 762 3414 etc.
796 3361 882 3414 Auchi
