2432 3826
136 217 249 286 atne.
269 219 363 308 ιιιιι
378 215 511 284 oasa.
531 217 591 284 ne
610 215 722 284 sora
743 217 772 306 p
791 225 902 287 r-o.
946 217 1018 296 aar
1075 273 1080 290 ,

93 387 267 452 fluctuantes
284 389 450 452 effluebant.
476 387 654 468 (Propheta
666 387 781 474 auteur)
801 399 836 452 ut
850 405 941 493 puto,
962 391 1018 452 ob·

91 475 179 554 litum
193 495 225 536 ae
237 495 334 535 rerum
351 469 502 536 artificiose
517 475 644 554 fingens,
665 475 800 536 derelicto
818 478 904 536 navis
919 477 1022 554 dorso,

23 573 25 582 ’
92 561 148 622 sub
177 571 279 621 ventre
310 563 492 638 immergitur
525 570 555 622 et
591 561 729 620 oblivioni
756 581 788 622 ee
815 563 901 621 tradit
930 561 1016 621 corde

92 645 177 706 tristi.
220 643 305 704 Mare
326 665 397 706 vero
419 667 510 722 quum
530 665 589 704 non
609 644 729 705 haberet
749 667 816 704 eum
827 648 910 722 ,qui
930 647 962 704 in
983 662 1016 705 se

92 729 238 804 mndit,
259 728 417 790 haesitabat
434 730 568 808 flagitans
585 739 615 789 et
630 731 765 805 timebat;
787 731 930 790 elementa
944 749 1015 790 vero

92 817 225 875 miniano
253 835 435 890 quocumque
468 816 588 874 meliora
619 817 792 874 romanor
818 833 898 874 mare
928 835 1016 891 super

92 898 280 976 prophetam,
311 900 439 959 salutem·
461 900 577 974 fugitivi
598 897 780 974 invidentia,
812 899 928 974 qnando
949 901 1015 977 qui·

93 985 163 1045 dem
184 995 213 1045 et
233 986 295 1060 ipse
317 984 441 1044 salutem
461 981 658 1045 Ninivitarum
669 984 839 1056 nolebat*).

127 1203 130 1208 ,
180 1157 204 1226 i.
227 1161 258 1216 8.
301 1154 517 1231 Dereliuquena
542 1155 631 1232 igitur
650 1151 812 1216 navarchus
833 1151 1015 1230 gubernacu-

91 1239 155 1300 lum
181 1251 211 1300 et
228 1250 334 1298 nautae
349 1242 467 1316 'reliqua
489 1243 698 1316 instrumenta,
730 1258 833 1298 manus
863 1241 892 1296 in
914 1257 1015 1313 preces

97 1325 248 1386 elevantes
275 1325 483 1384 extendebant:
511 1336 541 1384 at
561 1345 660 1384 eorum
688 1323 941 1400 supplicationibus
962 1343 1016 1383 nee

93 1411 179 1470 turbo
200 1409 353 1468 sedabatur
382 1429 478 1486 neque
497 1412 582 1470 navis
611 1412 642 1468 in
663 1411 760 1484 quiete
781 1410 932 1486 cessabat,
962 1407 1016 1468 sed

91 1497 188 1572 potine
209 1497 319 1554 sonitus
339 1493 479 1554 flnctuum
499 1493 699 1556 vehementior
719 1493 891 1556 reddebatur
911 1503 941 1553 et
960 1491 1015 1554 da·

90 1589 141 1640 tus
169 1590 321 1640 ventorum
350 1581 506 1644 violentior
530 1582 642 1652 factus,
668 1581 700 1638 in
728 1581 927 1657 navigantium
950 1581 1016 1640 exi·

91 1669 166 1748 tium
195 1675 296 1724 mutuo
324 1667 499 1730 certabant:¹
514 1668 643 1742 gurgites
672 1666 837 1739 operiebant
863 1667 963 1725 navim
985 1675 1015 1726 et

91 1751 173 1811 venti
195 1760 261 1809 ante
281 1751 496 1810 immersionem
517 1753 601 1808 navis
621 1749 774 1808 studebant
804 1761 939 1810 excutere
962 1751 1014 1826 qui
1069 1745 1078 1752 ”

9 1841 18 1860 ‘
91 1845 174 1895 erant
195 1837 324 1894 intravi.
368 1833 432 1895 Nec
452 1836 727 1907 rnirum'iortaasis,
756 1836 893 1910 quoniam
915 1843 1013 1896 aestus

10 1935 11 1940 ’
90 1918 225 1980 hiemalis
252 1921 413 1982 intruserat
442 1921 480 1978 in*
494 1921 563 1978 navi
590 1930 619 1980 et
640 1939 726 1994 super
745 1939 826 1978 mare
853 1919 1016 1994 agitabatur

91 2006 282 2066 exaestuatio.
313 2003 393 2084 Quid
411 2025 481 2081 ergo
497 2025 555 2064 non
571 2005 723 2064 sedabitur
735 2003 882 2080 procella?
905 2006 1014 2080 quippe

91 2089 255 2166 quad,1ut
284 2089 356 2148 mibi
379 2090 495 2162 videor,
524 2109 614 2166 quum
644 2091 818 2165 amplissima
832 2088 956 2158 diamma
969 2089 1057 2156 m.

92 2172 314 2248 comprehendat
334 2175 450 2276 silvam,
470 2175 551 2234 nulia
572 2187 615 2236 est
634 2177 803 2234 exstinctio:
826 2177 869 2236 sin
892 2171 1053 2235 autemst&

23 2272 29 2279 ‘
92 2259 185 2321 silvae
206 2260 356 2318 materiam
377 2261 443 2334 quis
464 2261 591 2326 eraserat.
618 2261 696 2336 ignis
716 2280 832 2334 quoque
854 2261 1014 2320 exstinctus

92 2343 248 2403 invisibilis
276 2343 321 2402 fit
381 2341 493 2402 Pariter
521 2345 611 2402 donec
638 2344 757 2402 ibidem
773 2354 834 2402 erat
860 2341 1011 2420 propbeta,
1098 2399 1103 2410 ,
1153 2389 1173 2426 ‚⁷

91 2426 225 2488 hiemalis
250 2427 393 2504 agebatur
420 2421 516 2488 aestus
543 2429 683 2506 servans,
713 2449 748 2488 eo
776 2438 873 2488 autem
894 2427 1014 2490 absente

90 2515 171 2620 panis
191 2516 306 2590 siguum
327 2511 436 2573 aderat.
864 2543 865 2546 ¹
907 2537 909 2544 ’

179 2687 203 2754 t.
226 2689 258 2745 9.
299 2681 471 2744 Navarrbns
485 2669 588 2744 'autem
609 2705 689 2744 mare
710 2683 883 2762 observans,
903 2693 937 2744 ut
956 2682 1013 2744 sibi

91 2768 232 2828 creditum
258 2767 382 2830 habebat
410 2771 599 2846 principatum
628 2772 731 2846 navis,
764 2772 853 2829 sensit
879 2789 959 2830 mare
980 2769 1012 2827 in
1048 2791 1062 2798 -

90 2863 171 2914 tanta
192 2874 257 2913 esse
278 2857 512 2932 conturbatione,
544 2847 575 2918 ia
602 2866 741 2930 quantum
762 2875 837 2913 ιιιιιιι
865 2853 925 2912 illic
946 2853 1012 2914 dor·
1102 2859 1106 2878 ‘

10 2951 14 2960 '
90 2936 284 3021 mitabartttr
302 2941 442 3000 ‘tradebat
472 2941 639 3000 enimcum
664 2960 729 2998 vox
755 2941 867 2998 narium
889 2948 1012 2998 sterten-

91 3025 184 3099 tium,
207 3044 297 3098 quum
318 3025 405 3086 altius
424 3025 560 3084 reddatur
580 3027 611 3084 in
632 3027 742 3101 supinis
761 3019 928 3084 iacentibus.
977 3019 1011 3084 Si

88 3173 290 3188 *-
329 3177 331 3180 ·

106 3255 168 3316 i
186 3258 244 3310 Aa
247 3261 374 3310 verbumt
402 3256 601 3309 benevolentiam
618 3261 664 3308 vel
680 3257 866 3308 tenacitatem
883 3254 1011 3308 Ninivitis

91 3324 202 3378 edebat.
238 3329 325 3378 Aueb.
395 3327 522 3386 ”)Vel=
540 3327 609 3393 uigil
623 3325 794 3424 navorcbus
781 3341 810 3376 aa
826 3334 902 3375 tanta
918 3325 1008 3390 consto·
1057 3340 1061 3348 ι

90 3395 161 3446 tione
176 3396 255 3447 sensit
270 3411 349 3464 ιιιιιι
364 3391 551 3493 dormitantem.
585 3395 685 3447 Auca.
