2406 3822
105 155 680 290 omniuo-omarum...
691 203 731 270 1..
740 203 800 270 Ν.
816 203 962 290 §.aaa
983 203 1027 268 aa

73 403 78 409 ·
101 379 156 441 aad
170 387 284 441 tautum
297 375 418 456 plenum
438 388 482 439 eat
497 379 638 455 veritate,
669 399 792 456 quaeum
804 377 885 438 nulla
908 375 1026 438 manda·

101 467 176 524 dtas
196 475 241 524 eat
256 466 360 524 mixta.
403 461 574 538 Explicatur
585 474 681 524 autem
692 461 802 524 Sodom
809 507 819 538 ,
840 466 963 523 anacim
977 461 1027 522 val

100 548 245 608 sterilitas
254 591 266 622 ‚
297 569 372 624 quae
393 551 510 608 nomina
533 561 601 609 aunt
612 551 807 624 impietatiaet
823 547 1025 623 insipientiaaa'

100 653 174 695 nam
193 653 294 692 oaecua
312 643 356 692 est
371 644 400 692 at
414 635 520 694 ateiilis
539 636 645 694 virtute
662 635 756 694 omnia
773 635 823 710 qui
838 634 930 708 turpia
948 633 1027 691 vitaa
1071 681 1076 698 ,

102 721 158 778 eat.
181 763 197 770 -.
209 717 320 778 Gomor
332 739 557 780 veromeosuro
563 762 573 792 ‚
602 739 676 794 quaa
690 739 760 778 vera
774 720 906 792 iustaque
920 737 1026 792 suppo·

101 805 200 862 nitur:
224 805 265 862 uti
277 813 319 862 est
328 805 449 862 verbum
461 804 604 879 divitium,
627 797 718 884 quo*)
735 797 797 882 (val
807 799 866 884 oui)
878 803 974 862 omnia
988 813 1060 866 lud.

100 897 269 948 mensurata
278 897 345 946 aunt
354 907 387 946 ac
397 900 615 964 mensurantur,
637 881 921 962 quaein‘terraaunt,
942 905 989 946 ra·
1003 887 1064 946 268

101 974 200 1048 tione,
229 993 352 1032 numero
364 983 392 1030 et
409 973 559 1032 collatione
579 975 609 1030 in
625 971 805 1031 harmoniam
819 983 849 1032 et
868 989 1025 1032 conannan·

103 1057 176 1116 tiam
189 1055 405 1132 comprehensa,
426 1077 467 1115 ex
475 1059 580 1132 quibua
589 1057 698 1132 speclea
709 1067 738 1117 et
746 1077 898 1116 mensurae
913 1075 1025 1132 eorum,

100 1159 180 1218 qnae
198 1153 283 1215 suut,
313 1151 478 1202 cernuntur.
520 1139 668 1202 Malorum
682 1162 751 1202 vero
767 1161 903 1202 mansura
918 1141 1025 1216 impro-

100 1227 167 1302 pria
186 1235 232 1284 eat
254 1226 330 1286 falso
347 1229 481 1299 nomine,
513 1225 665 1284 immodica
681 1237 768 1302 atque
790 1225 1023 1302 eoademnonda3

99 1309 177 1368 nihil
193 1311 272 1370 enim
295 1319 492 1370 mensuratum
510 1322 554 1369 eat
575 1321 624 1370 aut
640 1321 821 1372 numeratum
844 1321 894 1370 aut
910 1310 1024 1370 ordina·

98 1405 165 1454 tum
178 1395 256 1470 apud
271 1395 392 1469 malum,
414 1395 530 1472 quando
539 1396 657 1469 quidem
672 1395 791 1470 plenum
805 1405 849 1480 eat
864 1395 944 1455 omni
962 1393 1023 1468 (vel

99 1484 202 1552 omne)
225 1481 399 1540 absurditate
422 1490 450 1542 et
471 1479 718 1542 immoderatione.

101 1631 168 1694 Gur
197 1633 273 1694 uelut
293 1631 380 1697 domo
410 1635 562 1718 loquitur,
595 1633 711 1700 dicero:
742 1633 931 1698 Descendens.
953 1653 1024 1713 08⁰

141 1716 260 1795 videbo,
291 1721 492 1782 sisenandum
512 1723 665 1782 clamoren
693 1745 794 1783 aonam
815 1725 866 1802 qui
886 1725 962 1781 vertit
983 1717 1026 1780 ad

140 1825 206 1880 ma,
229 1819 405 1882 operantum
432 1811 480 1866 sio
500 1821 597 1867 nattam
617 1829 695 1884 oon,
722 1822 756 1867 ut
775 1807 947 1879 setonam?

185 1908 209 1977 l.
233 1911 285 1967 24.
328 1905 461 1981 Profecto
479 1911 566 1970 verae
594 1907 801 1968 humiliationis
819 1917 848 1968 at
864 1907 1022 1968 conniven-

96 1989 155 2049 tiae
173 1991 259 2050 iuxta
283 2003 412 2052 nostram
433 2007 566 2054 naturam
592 1995 676 2053 dictio
696 1991 767 2054 haec
793 2001 852 2068 eat,
884 1993 1023 2068 quoniam

95 2073 171 2134 dena
187 2079 315 2150 praescia
326 2080 433 2138 virtute
448 2081 544 2139 omnia
560 2081 660 2156 novit3
682 2079 769 2140 otiam
786 2079 898 2152 futura,
919 2097 1023 2154 quem·

94 2159 256 2220 admodum
278 2164 365 2222 etiam
379 2163 479 2240 paullo
501 2175 567 2226 ante
588 2165 698 2224 monui.
741 2161 818 2224 Vult
836 2183 906 2242 argo
921 2161 1023 2222 dooere

94 2263 147 2303 eos
169 2245 222 2320 qui
243 2247 400 2308 secundum
424 2261 551 2310 sanctam
577 2251 651 2326 legia
673 2250 810 2308 lationem
832 2247 1022 2308 conversandi

93 2339 196 2406 erant,
228 2342 260 2389 ut
277 2353 363 2392 nemo
384 2335 494 2396 iussum
513 2335 561 2396 det
578 2335 661 2394 facile
675 2335 788 2407 atatim,
819 2333 967 2394 tediatus
989 2333 1021 2392 in

91 2415 158 2490 ipsa
173 2415 293 2490 negotia·
305 2419 385 2492 priua
399 2421 523 2496 ingressi
537 2421 708 2497 perspiciant
728 2415 963 2494 perpendantque
988 2436 1021 2476 o·

92 2500 174 2558 mnia
194 2499 364 2576 singillatim
378 2513 406 2562 et
425 2505 588 2582 diligenter,
609 2496 908 2578 nonveroauperfieie
923 2519 1022 2560 rerum

90 2583 283 2660 decipiantur.
328 2586 476 2668 Quoniam
494 2601 562 2650 aunt
579 2589 694 2666 aliqua,
725 2609 800 2664 quiae
818 2595 974 2664 appareant
989 2587 1021 2646 in

90 2680 250 2744 oonapeetu
274 2669 373 2746 pulcra
391 2685 420 2732 ot
446 2675 594 2752 legitima,
627 2675 679 2734 aad
700 2684 853 2750 postquam
876 2673 1018 2750 abierunt,

88 2751 187 2818 foeda,
201 2765 230 2812 et
253 2755 378 2818 iniusta:
408 2769 437 2817 et
462 2781 501 2818 ex
514 2761 654 2835 adverso,
683 2759 781 2834 aliqua
799 2767 832 2817 ut
848 2757 925 2816 mala
942 2757 1016 2832 vina,

89 2837 210 2898 etaient
226 2840 354 2901 obnoxia
366 2846 469 2918 reatui,
491 2845 521 2912 in
537 2845 599 2920 ipsa
611 2843 777 2919 probatione
791 2851 935 2918 comperta
950 2853 1018 2900 aunt

88 2941 236 2998 generosa
252 2923 397 3002 valdeque
408 2927 495 2988 laude
514 2929 611 3006 digna.
656 2927 775 3004 Optima¹
789 2929 878 3004 igitur
891 2926 1017 2986 dodana
1066 2953 1073 2956 ·

87 3007 184 3068 bonae
211 3009 289 3068 uitae
312 3015 456 3087 praecepit
468 3034 533 3072 cum
553 3015 642 3090 lege,
665 3025 697 3074 ut
710 3033 797 3072 namo
809 3011 943 3072 uideatur
957 3019 1016 3071 ata·

86 3091 141 3150 tim
149 3092 373 3158 sacileannuere
379 3141 389 3170 ,
410 3107 476 3158 ante
483 3119 572 3174 quam
579 3097 697 3159 oonsilio
707 3098 864 3173 sapientiae
877 3097 974 3174 inqui-
982 3109 1012 3158 P.
1023 3117 1059 3168 A.

85 3187 132 3236 rat
140 3219 152 3250 ,
181 3177 399 3263 qualiaqniaait
408 3185 566 3262 tenacitem
589 3185 717 3260 deceptio
731 3183 809 3244 enim
822 3181 975 3244 defrauda-
991 3185 1053 3251 264

136 3362 164 3425 ‘t
183 3365 242 3418 Mo.
260 3367 294 3416 D.
312 3381 362 3436 qno
378 3365 415 3418 A.
432 3365 464 3417 c.
482 3366 535 3420 aui.
569 3365 655 3422 Aut.
732 3363 775 3432 i‘)
791 3327 890 3418 (lanea.
908 3363 952 3428 18,
960 3361 1013 3418 ’81η

482 3619 536 3663 lx
