<?xml version="1.0" encoding="UTF-8"?>
<!DOCTYPE html PUBLIC "-//W3C//DTD XHTML 1.0 Transitional//EN"
    "http://www.w3.org/TR/xhtml1/DTD/xhtml1-transitional.dtd">
<html xmlns="http://www.w3.org/1999/xhtml" xml:lang="en" lang="en">
 <head>
  <title>
</title>
<meta http-equiv="Content-Type" content="text/html;charset=utf-8" />
  <meta name='ocr-system' content='tesseract 3.04.00' />
  <meta name='ocr-capabilities' content='ocr_page ocr_carea ocr_par ocr_line ocrx_word'/>
</head>
<body>
  <div class='ocr_page' id='page_1' title='image "./philojudaeusope01unkngoog_0507.png"; bbox 0 0 2422 3826; ppageno 0'>
   <div class='ocr_carea' id='block_1_1' title="bbox 152 159 1127 336">
    <p class='ocr_par' dir='ltr' id='par_1_1' title="bbox 152 159 1127 336">
     <span class='ocr_line' id='line_1_1' title="bbox 152 159 1127 336; baseline 0.002 -52"><span class='ocrx_word' id='word_1_1' title='bbox 152 211 159 218; x_wconf 82' lang='grc'><em>’</em></span> <span class='ocrx_word' id='word_1_2' title='bbox 192 213 239 284; x_wconf 81' lang='lat' dir='ltr'>aa</span> <span class='ocrx_word' id='word_1_3' title='bbox 258 163 481 282; x_wconf 69' lang='lat' dir='ltr'>nmmo.</span> <span class='ocrx_word' id='word_1_4' title='bbox 500 214 561 303; x_wconf 11' lang='lat' dir='ltr'>nu*</span> <span class='ocrx_word' id='word_1_5' title='bbox 578 159 757 284; x_wconf 72' lang='lat' dir='ltr'>cacum.</span> <span class='ocrx_word' id='word_1_6' title='bbox 776 185 863 290; x_wconf 81' lang='lat' dir='ltr'>nia.</span> <span class='ocrx_word' id='word_1_7' title='bbox 883 215 934 336; x_wconf 56' lang='lat'>11.¹</span> <span class='ocrx_word' id='word_1_8' title='bbox 948 221 973 294; x_wconf 73' lang='lat' dir='ltr'>r.</span> <span class='ocrx_word' id='word_1_9' title='bbox 987 221 1048 284; x_wconf 73' lang='lat' dir='ltr'>aa</span> <span class='ocrx_word' id='word_1_10' title='bbox 1063 221 1127 286; x_wconf 64' lang='grc' dir='ltr'>ιι.</span> 
     </span>
    </p>
   </div>
   <div class='ocr_carea' id='block_1_2' title="bbox 413 363 872 470">
    <p class='ocr_par' dir='ltr' id='par_1_2' title="bbox 345 363 872 470">
     <span class='ocr_line' id='line_1_2' title="bbox 413 363 872 470; baseline 0 -22"><span class='ocrx_word' id='word_1_11' title='bbox 376 391 431 422; x_wconf 74' lang='grc'>’··</span> <span class='ocrx_word' id='word_1_12' title='bbox 517 363 765 470; x_wconf 51' lang='grc' dir='ltr'>ἠιιοῆν</span> <span class='ocrx_word' id='word_1_13' title='bbox 869 429 872 436; x_wconf 61' lang='lat'><em>=</em></span> 
     </span>
    </p>
   </div>
   <div class='ocr_carea' id='block_1_3' title="bbox 72 519 1197 3074">
    <p class='ocr_par' dir='ltr' id='par_1_3' title="bbox 162 519 1161 600">
     <span class='ocr_line' id='line_1_3' title="bbox 162 519 1161 600; baseline -0.001 -17"><span class='ocrx_word' id='word_1_14' title='bbox 162 586 167 596; x_wconf 59' lang='lat'><em>,</em></span> <span class='ocrx_word' id='word_1_15' title='bbox 281 523 305 594; x_wconf 78' lang='lat' dir='ltr'>l.</span> <span class='ocrx_word' id='word_1_16' title='bbox 328 527 380 583; x_wconf 79' lang='lat' dir='ltr'>to.</span> <span class='ocrx_word' id='word_1_17' title='bbox 422 519 540 597; x_wconf 84' lang='lat' dir='ltr'>Nescis,</span> <span class='ocrx_word' id='word_1_18' title='bbox 562 544 580 582; x_wconf 92' lang='lat' dir='ltr'>o</span> <span class='ocrx_word' id='word_1_19' title='bbox 601 523 757 598; x_wconf 75' lang='lat' dir='ltr'><strong>sapientiae</strong></span> <span class='ocrx_word' id='word_1_20' title='bbox 778 525 904 597; x_wconf 86' lang='lat' dir='ltr'>amator,</span> <span class='ocrx_word' id='word_1_21' title='bbox 924 543 977 600; x_wconf 87' lang='lat' dir='ltr'>per</span> <span class='ocrx_word' id='word_1_22' title='bbox 997 522 1053 584; x_wconf 80' lang='lat' dir='ltr'>ista</span> <span class='ocrx_word' id='word_1_23' title='bbox 1074 521 1125 582; x_wconf 89' lang='lat' dir='ltr'>di·</span> <span class='ocrx_word' id='word_1_24' title='bbox 1157 593 1161 600; x_wconf 13' lang='grc' dir='ltr'>λ</span> 
     </span>
    </p>

    <p class='ocr_par' dir='ltr' id='par_1_4' title="bbox 147 599 1121 774">
     <span class='ocr_line' id='line_1_4' title="bbox 147 599 1121 688; baseline -0.002 -20"><span class='ocrx_word' id='word_1_25' title='bbox 147 601 151 612; x_wconf 79' lang='grc'><strong>’</strong></span> <span class='ocrx_word' id='word_1_26' title='bbox 195 616 239 668; x_wconf 89' lang='lat' dir='ltr'>cta</span> <span class='ocrx_word' id='word_1_27' title='bbox 260 599 325 688; x_wconf 82' lang='lat' dir='ltr'>(rel</span> <span class='ocrx_word' id='word_1_28' title='bbox 356 628 408 683; x_wconf 89' lang='lat' dir='ltr'>per</span> <span class='ocrx_word' id='word_1_29' title='bbox 434 607 524 667; x_wconf 87' lang='lat' dir='ltr'>dictos</span> <span class='ocrx_word' id='word_1_30' title='bbox 551 601 804 684; x_wconf 80' lang='lat' dir='ltr'>poetas)interin1</span> <span class='ocrx_word' id='word_1_31' title='bbox 832 609 1013 682; x_wconf 76' lang='lat' dir='ltr'>insipientiae</span> <span class='ocrx_word' id='word_1_32' title='bbox 1033 627 1121 666; x_wconf 83' lang='lat' dir='ltr'>accu-</span> 
     </span>
     <span class='ocr_line' id='line_1_5' title="bbox 194 689 1121 774; baseline 0 -22"><span class='ocrx_word' id='word_1_33' title='bbox 194 711 261 752; x_wconf 86' lang='lat' dir='ltr'>sans</span> <span class='ocrx_word' id='word_1_34' title='bbox 282 697 374 752; x_wconf 79' lang='lat' dir='ltr'>totum</span> <span class='ocrx_word' id='word_1_35' title='bbox 394 713 488 768; x_wconf 77' lang='lat' dir='ltr'>genus</span> <span class='ocrx_word' id='word_1_36' title='bbox 508 691 689 767; x_wconf 83' lang='lat' dir='ltr'>humanum,</span> <span class='ocrx_word' id='word_1_37' title='bbox 722 711 781 750; x_wconf 94' lang='lat' dir='ltr'>non</span> <span class='ocrx_word' id='word_1_38' title='bbox 801 694 924 759; x_wconf 84' lang='lat' dir='ltr'>iterem</span> <span class='ocrx_word' id='word_1_39' title='bbox 946 711 978 752; x_wconf 90' lang='lat' dir='ltr'>se</span> <span class='ocrx_word' id='word_1_40' title='bbox 998 689 1121 774; x_wconf 84' lang='lat' dir='ltr'>habere.</span> 
     </span>
    </p>

    <p class='ocr_par' dir='ltr' id='par_1_5' title="bbox 170 771 1122 1024">
     <span class='ocr_line' id='line_1_6' title="bbox 170 771 1122 856; baseline 0 -20"><span class='ocrx_word' id='word_1_41' title='bbox 170 821 172 826; x_wconf 85' lang='lat'>-</span> <span class='ocrx_word' id='word_1_42' title='bbox 195 773 229 836; x_wconf 88' lang='lat' dir='ltr'>Si</span> <span class='ocrx_word' id='word_1_43' title='bbox 251 777 328 836; x_wconf 91' lang='lat' dir='ltr'>enim</span> <span class='ocrx_word' id='word_1_44' title='bbox 349 779 481 852; x_wconf 84' lang='lat' dir='ltr'>pervenit</span> <span class='ocrx_word' id='word_1_45' title='bbox 501 798 594 856; x_wconf 87' lang='lat' dir='ltr'>nsque</span> <span class='ocrx_word' id='word_1_46' title='bbox 615 780 646 836; x_wconf 91' lang='lat' dir='ltr'>in</span> <span class='ocrx_word' id='word_1_47' title='bbox 668 777 767 836; x_wconf 89' lang='lat' dir='ltr'>orbem</span> <span class='ocrx_word' id='word_1_48' title='bbox 788 771 928 836; x_wconf 82' lang='lat' dir='ltr'>terrarum</span> <span class='ocrx_word' id='word_1_49' title='bbox 949 777 1040 854; x_wconf 78' lang='lat' dir='ltr'>gloria</span> <span class='ocrx_word' id='word_1_50' title='bbox 1054 773 1122 836; x_wconf 89' lang='lat' dir='ltr'>He·</span> 
     </span>
     <span class='ocr_line' id='line_1_7' title="bbox 194 856 1121 940; baseline 0.002 -20"><span class='ocrx_word' id='word_1_51' title='bbox 194 859 267 920; x_wconf 90' lang='lat' dir='ltr'>siodi</span> <span class='ocrx_word' id='word_1_52' title='bbox 288 871 317 921; x_wconf 89' lang='lat' dir='ltr'>et</span> <span class='ocrx_word' id='word_1_53' title='bbox 336 856 480 940; x_wconf 81' lang='lat' dir='ltr'>Homeri,</span> <span class='ocrx_word' id='word_1_54' title='bbox 501 863 532 921; x_wconf 93' lang='lat' dir='ltr'>in</span> <span class='ocrx_word' id='word_1_55' title='bbox 546 883 653 932; x_wconf 60' lang='lat' dir='ltr'>,mussa</span> <span class='ocrx_word' id='word_1_56' title='bbox 673 861 756 922; x_wconf 85' lang='lat' dir='ltr'>suere</span> <span class='ocrx_word' id='word_1_57' title='bbox 777 863 935 921; x_wconf 87' lang='lat' dir='ltr'>sentcntiae</span> <span class='ocrx_word' id='word_1_58' title='bbox 955 862 1009 921; x_wconf 87' lang='lat' dir='ltr'>snb</span> <span class='ocrx_word' id='word_1_59' title='bbox 1025 863 1121 922; x_wconf 81' lang='lat' dir='ltr'>nebus</span> 
     </span>
     <span class='ocr_line' id='line_1_8' title="bbox 193 943 1121 1024; baseline 0.001 -19"><span class='ocrx_word' id='word_1_60' title='bbox 193 943 436 1022; x_wconf 80' lang='lat' dir='ltr'>comprehensae3</span> <span class='ocrx_word' id='word_1_61' title='bbox 468 969 592 1024; x_wconf 80' lang='lat' dir='ltr'>quantun</span> <span class='ocrx_word' id='word_1_62' title='bbox 620 957 798 1008; x_wconf 74' lang='lat' dir='ltr'>enarratores</span> <span class='ocrx_word' id='word_1_63' title='bbox 830 945 1017 1024; x_wconf 76' lang='lat' dir='ltr'>quamplures</span> <span class='ocrx_word' id='word_1_64' title='bbox 1048 952 1121 1006; x_wconf 78' lang='lat' dir='ltr'>sunt</span> 
     </span>
    </p>

    <p class='ocr_par' dir='ltr' id='par_1_6' title="bbox 104 1029 1120 1108">
     <span class='ocr_line' id='line_1_9' title="bbox 104 1029 1120 1108; baseline 0.001 -19"><span class='ocrx_word' id='word_1_65' title='bbox 104 1065 110 1072; x_wconf 91' lang='lat'>·</span> <span class='ocrx_word' id='word_1_66' title='bbox 192 1029 257 1090; x_wconf 78' lang='lat' dir='ltr'>culn</span> <span class='ocrx_word' id='word_1_67' title='bbox 279 1031 466 1092; x_wconf 75' lang='lat' dir='ltr'>admiratione</span> <span class='ocrx_word' id='word_1_68' title='bbox 487 1043 516 1092; x_wconf 88' lang='lat' dir='ltr'>et</span> <span class='ocrx_word' id='word_1_69' title='bbox 537 1033 572 1092; x_wconf 90' lang='lat' dir='ltr'>ab</span> <span class='ocrx_word' id='word_1_70' title='bbox 593 1034 664 1108; x_wconf 84' lang='lat' dir='ltr'>ipsis</span> <span class='ocrx_word' id='word_1_71' title='bbox 686 1053 794 1092; x_wconf 82' lang='lat' dir='ltr'>eorum</span> <span class='ocrx_word' id='word_1_72' title='bbox 808 1033 984 1107; x_wconf 77' lang='lat' dir='ltr'>temporibus</span> <span class='ocrx_word' id='word_1_73' title='bbox 1004 1031 1041 1090; x_wconf 83' lang='lat' dir='ltr'>ad</span> <span class='ocrx_word' id='word_1_74' title='bbox 1062 1029 1120 1090; x_wconf 86' lang='lat' dir='ltr'>ho·</span> 
     </span>
    </p>

    <p class='ocr_par' dir='ltr' id='par_1_7' title="bbox 111 1109 1120 1198">
     <span class='ocr_line' id='line_1_10' title="bbox 111 1109 1120 1198; baseline 0 -24"><span class='ocrx_word' id='word_1_75' title='bbox 111 1189 114 1198; x_wconf 37' lang='lat'><strong><em>¹</em></strong></span> <span class='ocrx_word' id='word_1_76' title='bbox 193 1115 323 1176; x_wconf 86' lang='lat' dir='ltr'>diemam</span> <span class='ocrx_word' id='word_1_77' title='bbox 353 1138 446 1192; x_wconf 87' lang='lat' dir='ltr'>usque</span> <span class='ocrx_word' id='word_1_78' title='bbox 475 1117 552 1178; x_wconf 90' lang='lat' dir='ltr'>diem</span> <span class='ocrx_word' id='word_1_79' title='bbox 582 1117 764 1179; x_wconf 80' lang='lat' dir='ltr'>admirationi</span> <span class='ocrx_word' id='word_1_80' title='bbox 790 1127 880 1176; x_wconf 84' lang='lat' dir='ltr'>sunt:</span> <span class='ocrx_word' id='word_1_81' title='bbox 911 1117 936 1176; x_wconf 89' lang='lat' dir='ltr'>si</span> <span class='ocrx_word' id='word_1_82' title='bbox 957 1109 1054 1175; x_wconf 82' lang='lat' dir='ltr'>tamen</span> <span class='ocrx_word' id='word_1_83' title='bbox 1085 1117 1120 1174; x_wconf 90' lang='lat' dir='ltr'>in</span> 
     </span>
    </p>

    <p class='ocr_par' dir='ltr' id='par_1_8' title="bbox 72 1193 1119 1448">
     <span class='ocr_line' id='line_1_11' title="bbox 72 1193 1119 1278; baseline -0.004 -16"><span class='ocrx_word' id='word_1_84' title='bbox 72 1255 74 1262; x_wconf 89' lang='grc'><em>,</em></span> <span class='ocrx_word' id='word_1_85' title='bbox 158 1193 169 1208; x_wconf 74' lang='grc'>’</span> <span class='ocrx_word' id='word_1_86' title='bbox 191 1201 340 1264; x_wconf 80' lang='lat' dir='ltr'>nonnullis</span> <span class='ocrx_word' id='word_1_87' title='bbox 360 1203 447 1262; x_wconf 86' lang='lat' dir='ltr'>rebus</span> <span class='ocrx_word' id='word_1_88' title='bbox 468 1195 624 1278; x_wconf 75' lang='lat' dir='ltr'>deliquisse</span> <span class='ocrx_word' id='word_1_89' title='bbox 645 1204 701 1262; x_wconf 78' lang='lat' dir='ltr'>visi</span> <span class='ocrx_word' id='word_1_90' title='bbox 723 1211 807 1278; x_wconf 85' lang='lat' dir='ltr'>sunt,</span> <span class='ocrx_word' id='word_1_91' title='bbox 835 1215 895 1260; x_wconf 83' lang='lat' dir='ltr'>non</span> <span class='ocrx_word' id='word_1_92' title='bbox 915 1201 980 1260; x_wconf 89' lang='lat' dir='ltr'>ideo</span> <span class='ocrx_word' id='word_1_93' title='bbox 1002 1209 1119 1275; x_wconf 85' lang='lat' dir='ltr'>oporte-</span> 
     </span>
     <span class='ocr_line' id='line_1_12' title="bbox 191 1285 1116 1370; baseline 0.001 -26"><span class='ocrx_word' id='word_1_94' title='bbox 191 1285 241 1370; x_wconf 83' lang='lat' dir='ltr'>bat</span> <span class='ocrx_word' id='word_1_95' title='bbox 271 1285 338 1346; x_wconf 91' lang='lat' dir='ltr'>illos</span> <span class='ocrx_word' id='word_1_96' title='bbox 367 1287 551 1364; x_wconf 79' lang='lat' dir='ltr'>v&#39;ituperare3</span> <span class='ocrx_word' id='word_1_97' title='bbox 583 1286 635 1347; x_wconf 88' lang='lat' dir='ltr'>sed</span> <span class='ocrx_word' id='word_1_98' title='bbox 664 1287 759 1363; x_wconf 85' lang='lat' dir='ltr'>potins</span> <span class='ocrx_word' id='word_1_99' title='bbox 787 1297 904 1362; x_wconf 89' lang='lat' dir='ltr'>propter</span> <span class='ocrx_word' id='word_1_100' title='bbox 932 1285 1016 1362; x_wconf 89' lang='lat' dir='ltr'>plura</span> <span class='ocrx_word' id='word_1_101' title='bbox 1036 1294 1116 1346; x_wconf 87' lang='lat' dir='ltr'>recto</span> 
     </span>
     <span class='ocr_line' id='line_1_13' title="bbox 191 1367 1115 1448; baseline 0 -18"><span class='ocrx_word' id='word_1_102' title='bbox 191 1367 324 1447; x_wconf 73' lang='lat' dir='ltr'>peracta,</span> <span class='ocrx_word' id='word_1_103' title='bbox 347 1373 453 1448; x_wconf 82' lang='lat' dir='ltr'>quibus</span> <span class='ocrx_word' id='word_1_104' title='bbox 473 1374 551 1432; x_wconf 85' lang='lat' dir='ltr'>vitae</span> <span class='ocrx_word' id='word_1_105' title='bbox 571 1372 687 1430; x_wconf 82' lang='lat' dir='ltr'>utilitati</span> <span class='ocrx_word' id='word_1_106' title='bbox 708 1371 889 1446; x_wconf 77' lang='lat' dir='ltr'>protuerunt,</span> <span class='ocrx_word' id='word_1_107' title='bbox 911 1371 1045 1430; x_wconf 86' lang='lat' dir='ltr'>laudibus</span> <span class='ocrx_word' id='word_1_108' title='bbox 1066 1389 1115 1430; x_wconf 87' lang='lat' dir='ltr'>oe·</span> 
     </span>
    </p>

    <p class='ocr_par' dir='ltr' id='par_1_9' title="bbox 119 1451 1115 1788">
     <span class='ocr_line' id='line_1_14' title="bbox 119 1451 1115 1530; baseline 0.001 -16"><span class='ocrx_word' id='word_1_109' title='bbox 119 1491 129 1506; x_wconf 80' lang='lat'><em>-</em></span> <span class='ocrx_word' id='word_1_110' title='bbox 190 1455 314 1516; x_wconf 81' lang='lat' dir='ltr'>labrare.</span> <span class='ocrx_word' id='word_1_111' title='bbox 356 1455 475 1516; x_wconf 87' lang='lat' dir='ltr'>Etenim</span> <span class='ocrx_word' id='word_1_112' title='bbox 496 1467 524 1516; x_wconf 88' lang='lat' dir='ltr'>et</span> <span class='ocrx_word' id='word_1_113' title='bbox 545 1451 685 1517; x_wconf 81' lang='lat' dir='ltr'>mundum</span> <span class='ocrx_word' id='word_1_114' title='bbox 707 1458 803 1530; x_wconf 87' lang='lat' dir='ltr'>ipsum</span> <span class='ocrx_word' id='word_1_115' title='bbox 824 1457 959 1524; x_wconf 78' lang='lat' dir='ltr'>convenit</span> <span class='ocrx_word' id='word_1_116' title='bbox 978 1453 1115 1530; x_wconf 79' lang='lat' dir='ltr'>laudare,</span> 
     </span>
     <span class='ocr_line' id='line_1_15' title="bbox 190 1539 1115 1616; baseline 0.001 -16"><span class='ocrx_word' id='word_1_117' title='bbox 190 1560 244 1600; x_wconf 89' lang='lat' dir='ltr'>nec</span> <span class='ocrx_word' id='word_1_118' title='bbox 265 1561 340 1616; x_wconf 85' lang='lat' dir='ltr'>quae</span> <span class='ocrx_word' id='word_1_119' title='bbox 361 1542 431 1601; x_wconf 78' lang='lat' dir='ltr'>vilia</span> <span class='ocrx_word' id='word_1_120' title='bbox 451 1543 482 1601; x_wconf 92' lang='lat' dir='ltr'>in</span> <span class='ocrx_word' id='word_1_121' title='bbox 504 1551 578 1602; x_wconf 88' lang='lat' dir='ltr'>terra</span> <span class='ocrx_word' id='word_1_122' title='bbox 601 1551 679 1616; x_wconf 70' lang='lat' dir='ltr'>scrut,</span> <span class='ocrx_word' id='word_1_123' title='bbox 700 1539 846 1598; x_wconf 88' lang='lat' dir='ltr'>attendere</span> <span class='ocrx_word' id='word_1_124' title='bbox 857 1582 867 1612; x_wconf 91' lang='lat'><em>,</em></span> <span class='ocrx_word' id='word_1_125' title='bbox 889 1548 922 1598; x_wconf 91' lang='lat' dir='ltr'>ut</span> <span class='ocrx_word' id='word_1_126' title='bbox 943 1541 1115 1600; x_wconf 79' lang='lat' dir='ltr'>scarabaeos</span> 
     </span>
     <span class='ocr_line' id='line_1_16' title="bbox 190 1622 1114 1702; baseline -0.001 -16"><span class='ocrx_word' id='word_1_127' title='bbox 190 1625 241 1686; x_wconf 76' lang='lat' dir='ltr'>vel</span> <span class='ocrx_word' id='word_1_128' title='bbox 260 1625 394 1686; x_wconf 84' lang='lat' dir='ltr'>formicas</span> <span class='ocrx_word' id='word_1_129' title='bbox 415 1637 465 1688; x_wconf 87' lang='lat' dir='ltr'>aut</span> <span class='ocrx_word' id='word_1_130' title='bbox 485 1626 594 1702; x_wconf 80' lang='lat' dir='ltr'>pulices</span> <span class='ocrx_word' id='word_1_131' title='bbox 617 1636 650 1697; x_wconf 16' lang='lat' dir='ltr'>‘et</span> <span class='ocrx_word' id='word_1_132' title='bbox 677 1623 733 1684; x_wconf 90' lang='lat' dir='ltr'>alia</span> <span class='ocrx_word' id='word_1_133' title='bbox 756 1623 934 1699; x_wconf 81' lang='lat' dir='ltr'>consimilia,</span> <span class='ocrx_word' id='word_1_134' title='bbox 961 1622 1013 1683; x_wconf 88' lang='lat' dir='ltr'>sed</span> <span class='ocrx_word' id='word_1_135' title='bbox 1039 1625 1114 1686; x_wconf 89' lang='lat' dir='ltr'>caeli</span> 
     </span>
     <span class='ocr_line' id='line_1_17' title="bbox 189 1709 1114 1788; baseline 0 -19"><span class='ocrx_word' id='word_1_136' title='bbox 189 1719 322 1770; x_wconf 86' lang='lat' dir='ltr'>naturam</span> <span class='ocrx_word' id='word_1_137' title='bbox 343 1711 548 1788; x_wconf 86' lang='lat' dir='ltr'>contemplari,</span> <span class='ocrx_word' id='word_1_138' title='bbox 577 1711 647 1772; x_wconf 86' lang='lat' dir='ltr'>solis</span> <span class='ocrx_word' id='word_1_139' title='bbox 667 1709 817 1782; x_wconf 87' lang='lat' dir='ltr'>circuitus,</span> <span class='ocrx_word' id='word_1_140' title='bbox 846 1709 933 1768; x_wconf 88' lang='lat' dir='ltr'>lunae</span> <span class='ocrx_word' id='word_1_141' title='bbox 953 1709 1062 1770; x_wconf 81' lang='lat' dir='ltr'>formas</span> <span class='ocrx_word' id='word_1_142' title='bbox 1082 1711 1114 1769; x_wconf 90' lang='lat' dir='ltr'>in</span> 
     </span>
    </p>

    <p class='ocr_par' dir='ltr' id='par_1_10' title="bbox 119 1793 1114 2042">
     <span class='ocr_line' id='line_1_18' title="bbox 119 1793 1114 1872; baseline 0.001 -18"><span class='ocrx_word' id='word_1_143' title='bbox 119 1805 129 1815; x_wconf 89' lang='lat'>&#39;</span> <span class='ocrx_word' id='word_1_144' title='bbox 189 1795 362 1872; x_wconf 87' lang='lat' dir='ltr'>crescendo,</span> <span class='ocrx_word' id='word_1_145' title='bbox 384 1799 472 1856; x_wconf 90' lang='lat' dir='ltr'>maris</span> <span class='ocrx_word' id='word_1_146' title='bbox 493 1795 696 1869; x_wconf 79' lang='lat' dir='ltr'>extensiones,</span> <span class='ocrx_word' id='word_1_147' title='bbox 718 1794 857 1856; x_wconf 84' lang='lat' dir='ltr'>elationes</span> <span class='ocrx_word' id='word_1_148' title='bbox 876 1793 1042 1872; x_wconf 85' lang='lat' dir='ltr'>fluminum,</span> <span class='ocrx_word' id='word_1_149' title='bbox 1064 1815 1114 1855; x_wconf 86' lang='lat' dir='ltr'>ac·</span> 
     </span>
     <span class='ocr_line' id='line_1_19' title="bbox 188 1875 1113 1958; baseline -0.002 -16"><span class='ocrx_word' id='word_1_150' title='bbox 188 1881 230 1942; x_wconf 85' lang='lat' dir='ltr'>ris</span> <span class='ocrx_word' id='word_1_151' title='bbox 250 1875 438 1958; x_wconf 56' lang='lat' dir='ltr'>mutationes·</span> <span class='ocrx_word' id='word_1_152' title='bbox 456 1902 567 1941; x_wconf 89' lang='lat' dir='ltr'>annuas</span> <span class='ocrx_word' id='word_1_153' title='bbox 587 1889 792 1955; x_wconf 86' lang='lat' dir='ltr'>tempestatum</span> <span class='ocrx_word' id='word_1_154' title='bbox 812 1879 1039 1954; x_wconf 71' lang='lat' dir='ltr'>vicissitudines,</span> <span class='ocrx_word' id='word_1_155' title='bbox 1059 1901 1113 1957; x_wconf 80' lang='lat' dir='ltr'>ge·</span> 
     </span>
     <span class='ocr_line' id='line_1_20' title="bbox 188 1965 1113 2042; baseline 0.001 -19"><span class='ocrx_word' id='word_1_156' title='bbox 188 1967 352 2026; x_wconf 89' lang='lat' dir='ltr'>nerationes</span> <span class='ocrx_word' id='word_1_157' title='bbox 373 1967 564 2042; x_wconf 86' lang='lat' dir='ltr'>animalium,</span> <span class='ocrx_word' id='word_1_158' title='bbox 585 1966 748 2042; x_wconf 88' lang='lat' dir='ltr'>plantarum</span> <span class='ocrx_word' id='word_1_159' title='bbox 769 1967 977 2042; x_wconf 85' lang='lat' dir='ltr'>proprietates,</span> <span class='ocrx_word' id='word_1_160' title='bbox 997 1965 1113 2026; x_wconf 80' lang='lat' dir='ltr'>tructu-</span> 
     </span>
    </p>

    <p class='ocr_par' dir='ltr' id='par_1_11' title="bbox 157 2044 1112 2126">
     <span class='ocr_line' id='line_1_21' title="bbox 157 2044 1112 2126; baseline 0.003 -18"><span class='ocrx_word' id='word_1_161' title='bbox 157 2044 159 2046; x_wconf 52' lang='grc'>’</span> <span class='ocrx_word' id='word_1_162' title='bbox 188 2069 241 2108; x_wconf 89' lang='lat' dir='ltr'>um</span> <span class='ocrx_word' id='word_1_163' title='bbox 261 2060 435 2123; x_wconf 85' lang='lat' dir='ltr'>proventum</span> <span class='ocrx_word' id='word_1_164' title='bbox 455 2052 569 2126; x_wconf 83' lang='lat' dir='ltr'>aliaque</span> <span class='ocrx_word' id='word_1_165' title='bbox 590 2071 678 2125; x_wconf 87' lang='lat' dir='ltr'>quam</span> <span class='ocrx_word' id='word_1_166' title='bbox 699 2050 842 2126; x_wconf 89' lang='lat' dir='ltr'>plurima,</span> <span class='ocrx_word' id='word_1_167' title='bbox 875 2071 999 2126; x_wconf 89' lang='lat' dir='ltr'>quorum</span> <span class='ocrx_word' id='word_1_168' title='bbox 1019 2071 1112 2112; x_wconf 87' lang='lat' dir='ltr'>unum</span> 
     </span>
    </p>

    <p class='ocr_par' dir='ltr' id='par_1_12' title="bbox 148 2130 1111 2211">
     <span class='ocr_line' id='line_1_22' title="bbox 148 2130 1111 2211; baseline 0.005 -20"><span class='ocrx_word' id='word_1_169' title='bbox 148 2130 153 2134; x_wconf 73' lang='grc'><strong>’</strong></span> <span class='ocrx_word' id='word_1_170' title='bbox 188 2132 327 2210; x_wconf 85' lang='lat' dir='ltr'>qnodque</span> <span class='ocrx_word' id='word_1_171' title='bbox 355 2134 453 2193; x_wconf 82' lang='lat' dir='ltr'>divina</span> <span class='ocrx_word' id='word_1_172' title='bbox 484 2136 593 2194; x_wconf 78' lang='lat' dir='ltr'>factrum</span> <span class='ocrx_word' id='word_1_173' title='bbox 619 2144 680 2194; x_wconf 85' lang='lat' dir='ltr'>arte</span> <span class='ocrx_word' id='word_1_174' title='bbox 709 2131 782 2193; x_wconf 88' lang='lat' dir='ltr'>mire</span> <span class='ocrx_word' id='word_1_175' title='bbox 812 2131 1036 2211; x_wconf 88' lang='lat' dir='ltr'>pulcherrimum</span> <span class='ocrx_word' id='word_1_176' title='bbox 1056 2143 1111 2197; x_wconf 89' lang='lat' dir='ltr'>est.</span> 
     </span>
    </p>

    <p class='ocr_par' dir='ltr' id='par_1_13' title="bbox 135 2213 1150 2558">
     <span class='ocr_line' id='line_1_23' title="bbox 135 2213 1111 2300; baseline 0.006 -25"><span class='ocrx_word' id='word_1_177' title='bbox 135 2253 139 2265; x_wconf 85' lang='lat'><strong>·</strong></span> <span class='ocrx_word' id='word_1_178' title='bbox 167 2213 171 2216; x_wconf 42' lang='lat'>⁵</span> <span class='ocrx_word' id='word_1_179' title='bbox 188 2215 301 2278; x_wconf 89' lang='lat' dir='ltr'>Omitto</span> <span class='ocrx_word' id='word_1_180' title='bbox 322 2219 400 2296; x_wconf 89' lang='lat' dir='ltr'>quod</span> <span class='ocrx_word' id='word_1_181' title='bbox 420 2240 516 2295; x_wconf 80' lang='lat' dir='ltr'>neque</span> <span class='ocrx_word' id='word_1_182' title='bbox 536 2219 610 2292; x_wconf 85' lang='lat' dir='ltr'>illud</span> <span class='ocrx_word' id='word_1_183' title='bbox 631 2219 727 2294; x_wconf 90' lang='lat' dir='ltr'>paullo</span> <span class='ocrx_word' id='word_1_184' title='bbox 749 2229 815 2278; x_wconf 87' lang='lat' dir='ltr'>ante</span> <span class='ocrx_word' id='word_1_185' title='bbox 838 2231 899 2279; x_wconf 90' lang='lat' dir='ltr'>ate</span> <span class='ocrx_word' id='word_1_186' title='bbox 910 2231 1111 2300; x_wconf 79' lang='lat' dir='ltr'>memoratum,</span> 
     </span>
     <span class='ocr_line' id='line_1_24' title="bbox 187 2301 1111 2382; baseline 0.004 -20"><span class='ocrx_word' id='word_1_187' title='bbox 187 2301 398 2379; x_wconf 86' lang='lat' dir='ltr'>blasphemiam</span> <span class='ocrx_word' id='word_1_188' title='bbox 420 2303 539 2365; x_wconf 92' lang='lat' dir='ltr'>includit</span> <span class='ocrx_word' id='word_1_189' title='bbox 561 2305 597 2364; x_wconf 90' lang='lat' dir='ltr'>de</span> <span class='ocrx_word' id='word_1_190' title='bbox 618 2303 701 2381; x_wconf 80' lang='lat' dir='ltr'>diis;</span> <span class='ocrx_word' id='word_1_191' title='bbox 724 2303 777 2364; x_wconf 89' lang='lat' dir='ltr'>sed</span> <span class='ocrx_word' id='word_1_192' title='bbox 798 2314 842 2364; x_wconf 90' lang='lat' dir='ltr'>est</span> <span class='ocrx_word' id='word_1_193' title='bbox 861 2305 999 2372; x_wconf 88' lang='lat' dir='ltr'>indicium</span> <span class='ocrx_word' id='word_1_194' title='bbox 1020 2303 1111 2382; x_wconf 80' lang='lat' dir='ltr'>inclu-</span> 
     </span>
     <span class='ocr_line' id='line_1_25' title="bbox 181 2385 1111 2468; baseline 0.008 -20"><span class='ocrx_word' id='word_1_195' title='bbox 181 2407 237 2457; x_wconf 83' lang='lat' dir='ltr'>sae</span> <span class='ocrx_word' id='word_1_196' title='bbox 258 2385 481 2468; x_wconf 57' lang='lat' dir='ltr'>physiologiam</span> <span class='ocrx_word' id='word_1_197' title='bbox 513 2392 594 2451; x_wconf 87' lang='lat' dir='ltr'>cuius</span> <span class='ocrx_word' id='word_1_198' title='bbox 614 2407 672 2450; x_wconf 91' lang='lat' dir='ltr'>uon</span> <span class='ocrx_word' id='word_1_199' title='bbox 694 2389 762 2450; x_wconf 91' lang='lat' dir='ltr'>licet</span> <span class='ocrx_word' id='word_1_200' title='bbox 783 2391 861 2467; x_wconf 88' lang='lat' dir='ltr'>apud</span> <span class='ocrx_word' id='word_1_201' title='bbox 880 2389 1111 2468; x_wconf 84' lang='lat' dir='ltr'>illos‚&#39;quorum</span> 
     </span>
     <span class='ocr_line' id='line_1_26' title="bbox 186 2473 1150 2558; baseline 0.004 -26"><span class='ocrx_word' id='word_1_202' title='bbox 186 2474 279 2550; x_wconf 88' lang='lat' dir='ltr'>capita</span> <span class='ocrx_word' id='word_1_203' title='bbox 304 2477 425 2536; x_wconf 88' lang='lat' dir='ltr'>minime</span> <span class='ocrx_word' id='word_1_204' title='bbox 440 2487 522 2538; x_wconf 78' lang='lat' dir='ltr'>-sunt</span> <span class='ocrx_word' id='word_1_205' title='bbox 541 2473 696 2558; x_wconf 77' lang='lat' dir='ltr'>uncta**),</span> <span class='ocrx_word' id='word_1_206' title='bbox 723 2476 883 2552; x_wconf 78' lang='lat' dir='ltr'>patefacere</span> <span class='ocrx_word' id='word_1_207' title='bbox 905 2479 1053 2554; x_wconf 82' lang='lat' dir='ltr'>mysteria.</span> <span class='ocrx_word' id='word_1_208' title='bbox 1075 2493 1150 2548; x_wconf 71' lang='lat' dir='ltr'>M,</span> 
     </span>
    </p>

    <p class='ocr_par' dir='ltr' id='par_1_14' title="bbox 106 2553 1197 2894">
     <span class='ocr_line' id='line_1_27' title="bbox 106 2553 1150 2638; baseline 0.004 -20"><span class='ocrx_word' id='word_1_209' title='bbox 106 2631 114 2638; x_wconf 43' lang='grc'><strong><em>,</em></strong></span> <span class='ocrx_word' id='word_1_210' title='bbox 185 2553 301 2619; x_wconf 85' lang='lat' dir='ltr'>Verum</span> <span class='ocrx_word' id='word_1_211' title='bbox 322 2561 414 2620; x_wconf 89' lang='lat' dir='ltr'>obiter</span> <span class='ocrx_word' id='word_1_212' title='bbox 433 2563 485 2622; x_wconf 89' lang='lat' dir='ltr'>tibi</span> <span class='ocrx_word' id='word_1_213' title='bbox 505 2563 651 2637; x_wconf 86' lang='lat' dir='ltr'>specimen</span> <span class='ocrx_word' id='word_1_214' title='bbox 661 2561 824 2638; x_wconf 88' lang='lat' dir='ltr'>aliquorum</span> <span class='ocrx_word' id='word_1_215' title='bbox 843 2561 924 2622; x_wconf 82' lang='lat' dir='ltr'>velut</span> <span class='ocrx_word' id='word_1_216' title='bbox 936 2583 988 2637; x_wconf 87' lang='lat' dir='ltr'>par</span> <span class='ocrx_word' id='word_1_217' title='bbox 1005 2583 1104 2622; x_wconf 86' lang='lat' dir='ltr'>exem·</span> <span class='ocrx_word' id='word_1_218' title='bbox 1111 2571 1150 2628; x_wconf 83' lang='lat'>76</span> 
     </span>
     <span class='ocr_line' id='line_1_28' title="bbox 184 2641 1197 2725; baseline 0.009 -25"><span class='ocrx_word' id='word_1_219' title='bbox 184 2641 268 2718; x_wconf 86' lang='lat' dir='ltr'>plum</span> <span class='ocrx_word' id='word_1_220' title='bbox 288 2645 438 2722; x_wconf 86' lang='lat' dir='ltr'>indicabo,</span> <span class='ocrx_word' id='word_1_221' title='bbox 460 2667 517 2722; x_wconf 84' lang='lat' dir='ltr'>qua</span> <span class='ocrx_word' id='word_1_222' title='bbox 538 2655 623 2706; x_wconf 86' lang='lat' dir='ltr'>tenus</span> <span class='ocrx_word' id='word_1_223' title='bbox 643 2667 748 2722; x_wconf 86' lang='lat' dir='ltr'>nempe</span> <span class='ocrx_word' id='word_1_224' title='bbox 770 2650 836 2722; x_wconf 87' lang='lat' dir='ltr'>quis</span> <span class='ocrx_word' id='word_1_225' title='bbox 855 2650 970 2725; x_wconf 86' lang='lat' dir='ltr'>poterit,</span> <span class='ocrx_word' id='word_1_226' title='bbox 993 2657 1108 2710; x_wconf 86' lang='lat' dir='ltr'>senten·</span> <span class='ocrx_word' id='word_1_227' title='bbox 1196 2687 1197 2690; x_wconf 60' lang='lat'><em>=</em></span> 
     </span>
     <span class='ocr_line' id='line_1_29' title="bbox 185 2725 1197 2808; baseline 0.008 -21"><span class='ocrx_word' id='word_1_228' title='bbox 185 2729 256 2788; x_wconf 89' lang='lat' dir='ltr'>tiam</span> <span class='ocrx_word' id='word_1_229' title='bbox 277 2729 447 2791; x_wconf 84' lang='lat' dir='ltr'>confirmare</span> <span class='ocrx_word' id='word_1_230' title='bbox 468 2731 625 2792; x_wconf 82' lang='lat' dir='ltr'>secuudum</span> <span class='ocrx_word' id='word_1_231' title='bbox 647 2731 762 2808; x_wconf 73' lang='lat' dir='ltr'>legem3</span> <span class='ocrx_word' id='word_1_232' title='bbox 791 2733 816 2796; x_wconf 91' lang='lat' dir='ltr'>si</span> <span class='ocrx_word' id='word_1_233' title='bbox 837 2732 955 2806; x_wconf 90' lang='lat' dir='ltr'>quidem</span> <span class='ocrx_word' id='word_1_234' title='bbox 970 2743 1049 2793; x_wconf 83' lang='lat' dir='ltr'>vetat</span> <span class='ocrx_word' id='word_1_235' title='bbox 1058 2731 1108 2794; x_wconf 82' lang='lat' dir='ltr'>lex</span> <span class='ocrx_word' id='word_1_236' title='bbox 1196 2725 1197 2732; x_wconf 9' lang='grc' dir='ltr'>ἵ</span> 
     </span>
     <span class='ocr_line' id='line_1_30' title="bbox 183 2813 1107 2894; baseline 0.006 -22"><span class='ocrx_word' id='word_1_237' title='bbox 183 2816 324 2892; x_wconf 79' lang='lat' dir='ltr'>mysteria</span> <span class='ocrx_word' id='word_1_238' title='bbox 341 2817 388 2892; x_wconf 88' lang='lat' dir='ltr'>iis,</span> <span class='ocrx_word' id='word_1_239' title='bbox 410 2818 460 2892; x_wconf 85' lang='lat' dir='ltr'>qui</span> <span class='ocrx_word' id='word_1_240' title='bbox 470 2815 611 2876; x_wconf 84' lang='lat' dir='ltr'>inhabiles</span> <span class='ocrx_word' id='word_1_241' title='bbox 620 2828 689 2894; x_wconf 72' lang='lat' dir='ltr'>sarrit</span> <span class='ocrx_word' id='word_1_242' title='bbox 700 2815 736 2876; x_wconf 87' lang='lat' dir='ltr'>ad</span> <span class='ocrx_word' id='word_1_243' title='bbox 746 2813 929 2894; x_wconf 82' lang='lat' dir='ltr'>mysterium,</span> <span class='ocrx_word' id='word_1_244' title='bbox 952 2837 1107 2894; x_wconf 85' lang='lat' dir='ltr'>exponere.</span> 
     </span>
    </p>

    <p class='ocr_par' dir='ltr' id='par_1_15' title="bbox 95 2895 1108 2986">
     <span class='ocr_line' id='line_1_31' title="bbox 95 2895 1108 2986; baseline 0.004 -28"><span class='ocrx_word' id='word_1_245' title='bbox 95 2977 100 2986; x_wconf 30' lang='grc'><em>’</em></span> <span class='ocrx_word' id='word_1_246' title='bbox 271 2895 298 2981; x_wconf 70' lang='lat'>§0</span> <span class='ocrx_word' id='word_1_247' title='bbox 321 2904 372 2961; x_wconf 80' lang='lat'>41.</span> <span class='ocrx_word' id='word_1_248' title='bbox 417 2899 451 2960; x_wconf 87' lang='lat' dir='ltr'>Si</span> <span class='ocrx_word' id='word_1_249' title='bbox 473 2921 548 2977; x_wconf 85' lang='lat' dir='ltr'>quae</span> <span class='ocrx_word' id='word_1_250' title='bbox 569 2901 605 2960; x_wconf 90' lang='lat' dir='ltr'>de</span> <span class='ocrx_word' id='word_1_251' title='bbox 626 2899 762 2961; x_wconf 85' lang='lat' dir='ltr'>Vulcano</span> <span class='ocrx_word' id='word_1_252' title='bbox 783 2901 914 2962; x_wconf 77' lang='lat' dir='ltr'>fabulose</span> <span class='ocrx_word' id='word_1_253' title='bbox 937 2901 1108 2978; x_wconf 83' lang='lat' dir='ltr'>referuntur,</span> 
     </span>
    </p>

    <p class='ocr_par' dir='ltr' id='par_1_16' title="bbox 119 2983 1119 3074">
     <span class='ocr_line' id='line_1_32' title="bbox 119 2983 1119 3074; baseline 0.005 -31"><span class='ocrx_word' id='word_1_254' title='bbox 119 3063 129 3074; x_wconf 74' lang='lat'><em>,</em></span> <span class='ocrx_word' id='word_1_255' title='bbox 183 2983 304 3046; x_wconf 76' lang='lat' dir='ltr'>seducas</span> <span class='ocrx_word' id='word_1_256' title='bbox 324 2987 356 3046; x_wconf 92' lang='lat' dir='ltr'>in</span> <span class='ocrx_word' id='word_1_257' title='bbox 376 2987 494 3066; x_wconf 80' lang='lat' dir='ltr'>ignem3</span> <span class='ocrx_word' id='word_1_258' title='bbox 525 2997 554 3048; x_wconf 90' lang='lat' dir='ltr'>et</span> <span class='ocrx_word' id='word_1_259' title='bbox 575 2987 652 3066; x_wconf 87' lang='lat' dir='ltr'>qaod</span> <span class='ocrx_word' id='word_1_260' title='bbox 674 2987 710 3048; x_wconf 89' lang='lat' dir='ltr'>de</span> <span class='ocrx_word' id='word_1_261' title='bbox 732 2985 864 3062; x_wconf 82' lang='lat' dir='ltr'>Irrnoue,</span> <span class='ocrx_word' id='word_1_262' title='bbox 892 2987 930 3048; x_wconf 86' lang='lat' dir='ltr'>ad</span> <span class='ocrx_word' id='word_1_263' title='bbox 958 2990 1035 3050; x_wconf 86' lang='lat' dir='ltr'>aeris</span> <span class='ocrx_word' id='word_1_264' title='bbox 1056 3007 1119 3048; x_wconf 52' lang='lat' dir='ltr'>nam</span> 
     </span>
    </p>
   </div>
   <div class='ocr_carea' id='block_1_4' title="bbox 152 3113 383 3134">
    <p class='ocr_par' dir='ltr' id='par_1_17' title="bbox 152 3113 383 3134">
     <span class='ocr_line' id='line_1_33' title="bbox 152 3113 383 3134; baseline 0.017 -6"><span class='ocrx_word' id='word_1_265' title='bbox 152 3119 159 3128; x_wconf 59' lang='grc' dir='ltr'><strong><em>μ</em></strong></span> <span class='ocrx_word' id='word_1_266' title='bbox 183 3113 383 3134; x_wconf 48' lang='lat' dir='ltr'>*tu—uu.—</span> 
     </span>
    </p>
   </div>
   <div class='ocr_carea' id='block_1_5' title="bbox 180 3181 1106 3388">
    <p class='ocr_par' dir='ltr' id='par_1_18' title="bbox 180 3181 1106 3388">
     <span class='ocr_line' id='line_1_34' title="bbox 251 3181 1106 3248; baseline 0.009 -16"><span class='ocrx_word' id='word_1_267' title='bbox 251 3181 277 3242; x_wconf 76' lang='lat' dir='ltr'>‘t</span> <span class='ocrx_word' id='word_1_268' title='bbox 296 3185 350 3234; x_wconf 80' lang='lat' dir='ltr'>Hic</span> <span class='ocrx_word' id='word_1_269' title='bbox 367 3201 472 3248; x_wconf 73' lang='lat' dir='ltr'>qaoque</span> <span class='ocrx_word' id='word_1_270' title='bbox 489 3187 635 3240; x_wconf 78' lang='lat' dir='ltr'>Amsnim</span> <span class='ocrx_word' id='word_1_271' title='bbox 651 3187 681 3238; x_wconf 86' lang='lat' dir='ltr'>in</span> <span class='ocrx_word' id='word_1_272' title='bbox 697 3191 812 3240; x_wconf 75' lang='lat' dir='ltr'>meando</span> <span class='ocrx_word' id='word_1_273' title='bbox 835 3205 897 3240; x_wconf 67' lang='lat' dir='ltr'>usn</span> <span class='ocrx_word' id='word_1_274' title='bbox 914 3188 998 3248; x_wconf 79' lang='lat' dir='ltr'>dixit,</span> <span class='ocrx_word' id='word_1_275' title='bbox 1021 3187 1106 3240; x_wconf 71' lang='lat' dir='ltr'>Piso·</span> 
     </span>
     <span class='ocr_line' id='line_1_35' title="bbox 182 3247 1106 3314; baseline 0.008 -14"><span class='ocrx_word' id='word_1_276' title='bbox 182 3247 233 3300; x_wconf 69' lang='lat' dir='ltr'>aab.</span> <span class='ocrx_word' id='word_1_277' title='bbox 256 3251 351 3303; x_wconf 76' lang='lat' dir='ltr'>Auch.&#39;</span> <span class='ocrx_word' id='word_1_278' title='bbox 379 3254 418 3314; x_wconf 79' lang='grc'>“)</span> <span class='ocrx_word' id='word_1_279' title='bbox 446 3256 507 3304; x_wconf 79' lang='lat' dir='ltr'>Hoc</span> <span class='ocrx_word' id='word_1_280' title='bbox 529 3257 588 3308; x_wconf 85' lang='lat' dir='ltr'>loca</span> <span class='ocrx_word' id='word_1_281' title='bbox 605 3258 748 3308; x_wconf 78' lang='lat' dir='ltr'>Anoberns</span> <span class='ocrx_word' id='word_1_282' title='bbox 766 3269 838 3307; x_wconf 84' lang='lat' dir='ltr'>recte</span> <span class='ocrx_word' id='word_1_283' title='bbox 855 3258 959 3307; x_wconf 79' lang='lat' dir='ltr'>content</span> <span class='ocrx_word' id='word_1_284' title='bbox 979 3259 1106 3307; x_wconf 73' lang='lat' dir='ltr'>Graecam</span> 
     </span>
     <span class='ocr_line' id='line_1_36' title="bbox 180 3317 1104 3388; baseline 0.006 -20"><span class='ocrx_word' id='word_1_285' title='bbox 180 3317 301 3368; x_wconf 75' lang='lat' dir='ltr'>Philonis</span> <span class='ocrx_word' id='word_1_286' title='bbox 318 3319 496 3382; x_wconf 71' lang='lat' dir='ltr'>lregmentom</span> <span class='ocrx_word' id='word_1_287' title='bbox 515 3327 548 3371; x_wconf 79' lang='lat' dir='ltr'>ab</span> <span class='ocrx_word' id='word_1_288' title='bbox 566 3327 666 3374; x_wconf 79' lang='lat' dir='ltr'>Ioanne</span> <span class='ocrx_word' id='word_1_289' title='bbox 684 3327 847 3388; x_wconf 75' lang='lat' dir='ltr'>Damascene</span> <span class='ocrx_word' id='word_1_290' title='bbox 874 3341 901 3385; x_wconf 87' lang='lat' dir='ltr'>p.</span> <span class='ocrx_word' id='word_1_291' title='bbox 920 3326 981 3375; x_wconf 78' lang='lat'><strong>533.</strong></span> <span class='ocrx_word' id='word_1_292' title='bbox 1001 3323 1032 3375; x_wconf 82' lang='lat' dir='ltr'>(l.</span> <span class='ocrx_word' id='word_1_293' title='bbox 1050 3339 1104 3374; x_wconf 81' lang='lat' dir='ltr'>ser·</span> 
     </span>
    </p>
   </div>
   <div class='ocr_carea' id='block_1_6' title="bbox 60 3389 1104 3460">
    <p class='ocr_par' dir='ltr' id='par_1_19' title="bbox 60 3389 1104 3460">
     <span class='ocr_line' id='line_1_37' title="bbox 60 3389 1104 3460; baseline 0.013 -30"><span class='ocrx_word' id='word_1_294' title='bbox 60 3423 65 3430; x_wconf 94' lang='lat'>.</span> <span class='ocrx_word' id='word_1_295' title='bbox 142 3415 146 3422; x_wconf 82' lang='lat'><em>,</em></span> <span class='ocrx_word' id='word_1_296' title='bbox 183 3395 290 3449; x_wconf 75' lang='lat' dir='ltr'>retum,</span> <span class='ocrx_word' id='word_1_297' title='bbox 307 3391 377 3448; x_wconf 81' lang='lat' dir='ltr'>quod</span> <span class='ocrx_word' id='word_1_298' title='bbox 393 3389 492 3452; x_wconf 65' lang='lat' dir='ltr'>legitur</span> <span class='ocrx_word' id='word_1_299' title='bbox 507 3393 563 3444; x_wconf 82' lang='lat' dir='ltr'>vol.</span> <span class='ocrx_word' id='word_1_300' title='bbox 580 3405 619 3444; x_wconf 80' lang='lat' dir='ltr'>rr.</span> <span class='ocrx_word' id='word_1_301' title='bbox 636 3409 666 3456; x_wconf 83' lang='lat' dir='ltr'>p.</span> <span class='ocrx_word' id='word_1_302' title='bbox 682 3393 744 3445; x_wconf 79' lang='lat'><strong>2⁰6.</strong></span> <span class='ocrx_word' id='word_1_303' title='bbox 764 3396 809 3445; x_wconf 81' lang='lat' dir='ltr'>ed.</span> <span class='ocrx_word' id='word_1_304' title='bbox 826 3401 944 3446; x_wconf 67' lang='lat' dir='ltr'>numae.</span> <span class='ocrx_word' id='word_1_305' title='bbox 961 3391 1016 3446; x_wconf 78' lang='lat' dir='ltr'>Ed.</span> <span class='ocrx_word' id='word_1_306' title='bbox 1034 3392 1104 3460; x_wconf 78' lang='lat' dir='ltr'>stpr.</span> 
     </span>
    </p>
   </div>
   <div class='ocr_carea' id='block_1_7' title="bbox 0 0 1216 3826">
    <p class='ocr_par' dir='ltr' id='par_1_20' title="bbox 0 0 1216 3826">
     <span class='ocr_line' id='line_1_38' title="bbox 0 0 1216 3826; baseline 0 5"><span class='ocrx_word' id='word_1_307' title='bbox 0 0 1216 3826; x_wconf 95' lang='lat' dir='ltr'> </span> 
     </span>
    </p>
   </div>
  </div>
 </body>
</html>
