2432 3820
97 167 547 292 animumanimum
555 209 745 276 nnumin.
753 210 812 276 rv.
825 211 852 295 a.
865 219 936 276 117.
959 213 1020 278 1ar

96 377 261 455 rationalis,
283 377 357 438 alter
370 377 501 438 tentalis.
543 375 690 440 Rationali
701 379 790 457 igitur
804 383 949 442 insortam
958 382 1023 444 data

97 467 249 541 estvirgo,
270 466 499 540 perseuerantiae
511 467 754 540 perennitatisqne
766 467 944 544 symbolum,
963 463 1024 528 Rc·

21 616 25 621 .
72 585 74 593 ι
98 551 208 626 bacca,
229 543 336 608 brittuli
355 569 426 608 raro
445 545 569 621 ladrum
598 552 706 624 qnippe
729 552 779 624 qni
797 551 959 627 explicetur
977 549 1024 612 al-

98 631 186 707 bedo,
209 633 346 692 indicium
362 632 495 692 claritatis
511 653 609 692 rernm
623 633 780 694 secumdum
793 656 905 698 sonans.
924 634 1025 714 Opor-

100 727 144 778 tet
160 719 241 778 enim
260 718 367 792 optima
382 736 488 789 nosse,
511 737 598 790 qnam
622 715 659 776 ad
679 719 798 778 modum
817 721 1024 781 elementorum

85 803 184 863 -vocia
202 799 334 860 litteralia
346 811 406 876 tres
422 809 489 862 sunt
504 801 716 878 distinctiones,
739 803 882 878 quaedam
897 806 1024 884 vocales,

102 886 250 963 quaedam
274 888 360 956 (inter
383 892 582 958 consonantes)
610 887 817 962 semivocales,
858 889 932 950 aliae
953 911 1025 952 roro

102 991 176 1030 voce
200 980 347 1046 carentes,
370 969 502 1030 similiter
516 990 548 1030 se
567 967 679 1032 habere·
694 974 780 1032 etiam
795 983 921 1034 nostram
939 976 1026 1036 istam

102 1065 256 1114 naturamz
283 1075 352 1132 nam
366 1055 459 1114 vocali
475 1054 578 1114 similis
602 1065 647 1115 est
664 1057 825 1118 intellectus
842 1071 871 1116 ct
885 1062 971 1118 semi-
988 1077 1019 1125 ι’.
1029 1069 1066 1121 Δ.

97 1139 199 1200 *vocali
214 1159 335 1214 sensus,
355 1157 427 1200 voce
440 1159 511 1198 varo
528 1142 634 1199 carenti
650 1161 761 1216 corprrs.
811 1137 927 1202 Verum
945 1142 982 1204 de
1001 1143 1063 1206 336

104 1235 239 1285 extremo
260 1225 394 1299 incipiam
414 1223 565 1284 disserere.
618 1221 699 1284 Sicut
723 1227 801 1286 enim
823 1247 903 1288 merc
925 1247 1025 1288 conso-

105 1329 181 1368 nans
200 1329 254 1382 per
267 1305 299 1368 se
316 1307 408 1366 solnm
425 1308 536 1366 nnllam
554 1305 642 1368 habet
656 1311 801 1385 propriam
816 1331 936 1390 vocem,
958 1331 1026 1372 con-

104 1395 238 1470 iunctum
259 1403 356 1451 tamen
372 1393 465 1452 vocali
484 1413 587 1452 uocem
601 1393 711 1468 perlicit
725 1395 898 1472 litteralem3
920 1399 1027 1471 pariter

106 1481 197 1538 etiam
211 1497 313 1553 corpus
328 1487 457 1536 nostmm
473 1479 503 1536 in
522 1497 554 1536 se
569 1480 632 1554 ipso
649 1477 744 1538 solnm
760 1499 901 1558 manens,
922 1483 1025 1542 immo·

105 1563 166 1622 bile
187 1571 245 1622 ast:
276 1571 410 1622 movetur
425 1571 521 1621 antem
539 1563 575 1622 ab
596 1565 692 1622 anima
709 1565 840 1624 rationali
859 1567 947 1626 irrxta
966 1569 1026 1627 sin·

108 1647 178 1727 gula
192 1647 381 1730 inatnrmenta
398 1649 523 1722 partium
537 1645 574 1706 ad
586 1647 635 1724 id,
657 1649 734 1724 quod
747 1651 800 1708 sibi
812 1654 961 1728 convenit,
983 1661 1027 1710 at·

108 1753 167 1808 qne
185 1751 257 1808 opus
279 1742 332 1794 eat.
382 1729 487 1792 Itidem
500 1730 572 1790 sicut
587 1733 771 1793 semivocalia
786 1754 891 1796 sonum
903 1735 1027 1795 reddunt

108 1815 315 1876 claudicantem
334 1826 363 1876 at
387 1815 604 1899 imperioqum
637 1819 662 1876 si
680 1837 749 1896 ¹uero
770 1817 962 1896 adiungantur
974 1839 1027 1880 vo·

11 1923 12 1986 3
109 1902 237 1978 colibus,
269 1902 386 1977 plenam
402 1921 504 1961 vocem
522 1899 699 1961 articulatam
715 1921 785 1978 prae
798 1923 830 1963 aa
844 1903 959 1981 sertint3
991 1925 1027 1964 eo

11 1987 12 2004 ²
109 1995 210 2048 tenore
226 1995 256 2046 et
269 2007 372 2047 sensus
383 1995 480 2048 noster
491 1987 650 2048 semivivus
666 1997 695 2048 ct
705 1987 888 2063 imperfectus
898 1990 1027 2052 medinm

52 2071 57 2076 “
109 2079 189 2134 tonet
202 2073 332 2132 ordinem
345 2071 421 2132 inter
434 2071 613 2148 intfflectum
627 2083 656 2134 et
671 2093 784 2152 corpus.
826 2073 972 2156 Quoniam
991 2075 1028 2136 alr

108 2165 235 2234 woquc
258 2158 379 2218 istorum
398 2167 509 2231 partem
522 2155 626 2234 habet3
657 2180 717 2220 non
730 2169 774 2220 eat
788 2161 932 2222 inanimus
955 2163 1028 2224 sicut

109 2261 233 2318 corpus,
254 2262 309 2302 nec
324 2241 471 2314 intellectu
486 2243 632 2318 praeditus
655 2245 728 2304 deut
743 2247 891 2322 cogitatio:
912 2247 1029 2321 qnando

109 2345 182 2388 vero
201 2345 287 2388 mens
300 2345 332 2386 se
351 2327 512 2386 extendens
530 2327 679 2402 copulatur
702 2331 730 2388 ei
747 2339 779 2387 ut
798 2331 935 2404 ascripta,
968 2331 1028 2392 ‹ln-

13 2477 14 2482 γ
109 2412 192 2488 ponit
213 2411 341 2473 eumad
363 2411 538 2472 rationaliter
563 2413 721 2472 ridendum
748 2412 981 2490 audiendumque
999 2425 1030 2474 et

110 2495 279 2570 sirnplicitcr
302 2496 483 2571 loquendum
499 2516 565 2556 cnm
589 2499 699 2556 ratione
716 2505 746 2580 et
765 2497 942 2558 rationaliter·
962 2517 1029 2558 sen·

111 2579 255 2640 tiendum.
297 2577 500 2643 Porrocadem
508 2585 630 2656 ratione,
650 2581 906 2657 quaemadmodum
915 2582 1026 2644 vocalia

15 2670 18 2687 ⁸
110 2675 173 2724 tam
187 2685 241 2740 per
260 2683 291 2724 aa
300 2706 311 2735 ,
333 2685 420 2740 qnam
438 2665 530 2724 mixta
546 2685 613 2724 cum
627 2669 726 2726 ceteris
741 2688 842 2727 vocem
855 2668 944 2727 edunt
961 2689 1028 2745 pro·
1131 2712 1133 2718 ,

109 2751 223 2824 priam,
244 2748 376 2820 similiter
390 2751 477 2808 etiam
493 2769 575 2816 mana
591 2760 650 2810 tam
669 2771 721 2826 per
733 2771 764 2811 sa
779 2753 877 2811 solnm
888 2755 951 2812 sina
967 2753 1029 2812 ullo

13 2819 15 2838 ’
88 2903 94 2917 Ι
111 2833 169 2892 alio
185 2843 339 2910 moratur,
367 2834 403 2892 ab
419 2833 659 2904 intellectualibus
674 2857 726 2910 per
738 2856 771 2896 se
790 2837 908 2908 adiuta,
934 2833 1029 2912 'quam
1085 2863 1100 2906 .·

14 2948 16 2957 ι
112 2927 273 2978 ceterorum
297 2938 412 2994 qnoque
434 2927 530 2978 molus
553 2939 654 2980 caussa
668 2919 717 2994 fit,
744 2923 874 2998 rigorem
888 2919 1031 3001 exhibens
1123 2925 1129 2933 '

16 3017 18 3033 ³
112 3001 334 3078 tammramdux
345 3001 462 3074 cohorti.
484 3001 841 3084 Seusuaantamffltndixi,
857 3007 1031 3066 abrationali

117 3096 274 3147 moventur
297 3087 334 3146 ad
356 3087 537 3147 sentiendum
551 3097 751 3166 praestantqne
771 3092 880 3165 corpori
900 3102 928 3150 at
943 3092 1031 3168 parti·

111 3171 166 3231 bus
177 3173 334 3248 operativis
343 3171 424 3232 velut
434 3174 552 3234 vontus
566 3174 635 3236 ferri
647 3173 685 3235 ad
699 3175 844 3236 naturales
853 3178 880 3248 *)
899 3174 1029 3240 effectum

111 3285 318 3303 mo·-

162 3351 187 3414 ‘l
206 3353 273 3405 God-
291 3353 320 3408 Ο.
337 3353 538 3417 αᾶγοιίοηαῑεε.
571 3357 657 3412 Aeol.
762 3383 773 3388 ·
799 3329 803 3336 ¹
