2406 3822
13 259 15 264 ·
97 239 1025 330 aurnrunpuansruuununaups-11.oo

13 397 15 420 Ι
96 416 209 490 animi,
236 413 419 476 voluntariae
437 414 511 491 legis
536 415 742 476 manducantes
761 415 857 476 eibum
870 438 961 494 purae
979 438 1024 480 sa·

96 501 227 577 pientiae
241 501 278 560 ab
297 502 451 562 invitatore
470 501 535 562 deo.
993 584 1016 632 P
1029 580 1056 629 Δ

102 653 208 738 Quare
228 650 317 713 dicit:
339 651 443 712 Possc't
460 673 560 713 corum
580 649 621 712 eis
640 666 668 711 et
683 649 986 727 manducauauur*)?
1006 654 1068 715 253

189 757 213 826 §-
236 761 266 815 9.
310 752 441 814 Evidcus
462 764 506 814 est
525 751 885 829 inclamaverunt,
907 755 1025 833 symbo-

96 838 172 916 lice,
202 840 322 898 minime
346 859 417 899 vero
438 841 533 899 cibum
550 841 720 915 proprium3
751 858 810 899 nou
832 841 909 899 enim
930 860 1052 900 come‘

13 949 14 954 ¹
98 925 174 986 dunt
196 917 315 1000 cibum,
339 944 434 1000 neqrw
458 925 560 984 bibunt
578 927 700 985 rubeum
721 927 824 984 rinrrm
840 926 939 986 felices
957 925 1026 984 illae

97 1021 241 1082 nauatae,
272 1010 324 1069 sed
343 1011 489 1070 annuendi
512 1011 681 1088 benignitati
699 1009 823 1070 fidenter
836 1013 963 1086 rogantis
981 1013 1025 1069 iu·

98 1095 175 1154 dicio
195 1105 249 1154 est.
294 1092 376 1154 Sicut
394 1097 472 1154 enirn
490 1093 623 1156 homines
638 1093 763 1170 hospitio
781 1097 913 1171 excepti,
935 1117 1026 1170 quum

97 1181 172 1242 cibis
200 1180 397 1256 delectantur,
427 1179 554 1257 gaudent
583 1181 619 1240 de
642 1179 777 1256 hospite,
805 1182 856 1257 qui
879 1181 958 1254 ipsos
980 1201 1027 1241 re·

99 1265 230 1341 creavit,
261 1266 394 1325 similiter
416 1275 445 1324 et
461 1266 596 1338 divinitas
622 1265 659 1326 de
680 1265 754 1339 illis,
786 1267 836 1340 qui
853 1263 979 1326 fideliter
995 1285 1027 1325 ac

99 1353 164 1411 siue
186 1350 396 1411 abalienatione
423 1361 524 1411 curant
558 1353 585 1410 ei
616 1349 808 1426 complacere:
849 1349 1027 1410 commodius

100 1440 181 1496 euim
201 1437 282 1496 cibus
305 1436 353 1497 dei
365 1435 467 1496 dicitur
481 1439 530 1514 pia
544 1457 578 1496 ao
596 1437 685 1512 proba
703 1437 764 1498 vita
780 1433 906 1496 hominis
920 1435 1027 1495 virtrue

101 1523 208 1582 ornati.

106 1675 168 1736 Gur
176 1674 310 1736 dicium:
331 1673 400 1750 Ipse
409 1689 506 1734 maara
518 1673 616 1736 ¹stubctt
626 1693 725 1734 coram
738 1677 780 1734 eis
788 1669 840 1732 suh
849 1670 1027 1746 arbore**)?

190 1782 212 1850 t.
238 1785 291 1838 10.
336 1775 438 1856 Quum
456 1778 671 1838 multitudinem
694 1775 843 1836 habuisset
866 1793 1027 1846 servorum,

101 1871 135 1922 ut
149 1863 246 1939 liquet
261 1883 301 1923 ex
321 1865 436 1939 agmine
450 1864 670 1924 domesticorum
686 1881 820 1922 cccxvm
826 1902 837 1934 ,
858 1859 963 1935 qrribus
977 1859 1028 1918 de·

102 1950 226 2010 bellavit
245 1950 377 2025 gentium
398 1969 498 2026 reges,
520 1947 613 2008 nihilo
640 1949 736 2006 minus
761 1947 824 2022 ipse
847 1946 979 2005 minister
993 1941 1029 2002 fit

103 2037 234 2107 servitii,
265 2043 298 2092 ut
317 2033 471 2110 probaret,
503 2036 528 2094 si
553 2032 685 2092 homines
712 2027 871 2106 putavisset
892 2029 975 2103 illos,
996 2028 1028 2088 id

102 2119 308 2196 hospitalitatis
327 2119 389 2177 fore
405 2119 586 2195 (iadicirun);
615 2119 640 2178 si
660 2138 730 2178 vero
747 2117 860 2176 divinas
876 2117 1033 2178 arbitiatus

104 2209 231 2265 vinrrtes
246 2223 304 2264 una
321 2224 388 2262 cum
403 2209 483 2278 patre
503 2213 691 2280 apparentes,
719 2203 824 2278 probae
838 2201 869 2260 it
886 2203 963 2261 vitae
985 2208 1027 2258 at·
1084 2262 1088 2269 ,

103 2313 162 2368 que
173 2291 282 2351 amoris
290 2284 386 2350 bivini
405 2293 544 2366 (siguum)
563 2309 644 2365 esse,
671 2289 727 2364 ,qni
742 2305 837 2362 perse
851 2287 951 2362 peragi
966 2284 1027 2360 pie·

103 2379 172 2437 tatis
185 2379 274 2452 opera
289 2373 487 2435 honorabilem
509 2377 673 2434 aestimarat
693 2371 812 2432 cultum

108 2529 212 2616 (locate
233 2531 339 2588 aaran
353 2487 657 2605 sapacanina.-
695 2523 755 2586 vta·
774 2537 815 2584 eet
835 2521 1029 2583 Saraouene

146 2630 221 2690 nm,-
244 2627 271 2672 et
291 2611 342 2673 ille
359 2612 525 2690 respoudit:
554 2611 595 2672 Ia
614 2609 802 2672 tabenaculo
816 2611 900 2682 ***)?

95 2743 102 2752 ·
193 2722 218 2790 t.
243 2723 294 2777 11.
338 2713 450 2776 Littera
469 2725 549 2792 patet
573 2734 614 2774 ex
630 2713 812 2790 praemissis:
845 2710 882 2770 ad
902 2719 1029 2771 mentem

104 2825 197 2881 vero,
228 2803 314 2878 quia,
344 2812 379 2861 ut
402 2795 443 2862 ita
463 2802 606 2876 dixerim
629 2820 715 2864 ,uxor
738 2808 767 2857 et
791 2797 912 2855 conviva
931 2804 975 2854 est
994 2811 1026 2858 P.
1034 2810 1070 2860 Α.

105 2889 247 2966 sapientis
257 2889 362 2964 virtus,
382 2907 533 2964 perquam
549 2887 708 2945 sententiae
719 2901 876 2960 generosae
887 2879 990 2954 etpul-
1007 2883 1069 2944 254

13 3029 15 3042 .
105 2997 153 3036 cra
169 2993 258 3050 opera
275 2983 304 3031 et
315 2973 405 3033 verba
423 2973 509 3032 laude
526 2973 614 3048 digna
626 2978 791 3028 nascuntur.
834 2965 887 3025 Ad
907 2970 1029 3024 iuterro-

13 3127 20 3134 ,
105 3063 256 3139 gatioueut
271 3079 341 3135 ergo
352 3056 521 3134 respondete
542 3055 617 3115 Eece
632 3057 725 3115 airus
740 3073 800 3110 non
811 3061 922 3110 tautum
935 3053 966 3108 in
982 3070 1030 3109 me

104 3147 257 3206 intellectu
270 3153 334 3222 est,
355 3165 459 3205 verum
476 3144 563 3202 etiam
575 3143 607 3200 iu
619 3161 709 3200 vacuo
725 3157 882 3212 securoque
899 3137 1031 3195 taberna·

105 3233 172 3292 culo
198 3231 346 3306 corporis,
376 3229 538 3290 extendeus
565 3247 596 3287 se
617 3244 711 3303 usque
734 3224 773 3283 ad
794 3241 896 3284 sensus
916 3222 1030 3296 aliaque
1050 3287 1060 3304 N

106 3348 318 3363 *uu—n·—

157 3417 184 3484 *)
204 3421 304 3470 (tenes.
324 3415 367 3480 18,
385 3415 412 3468 8.
481 3410 520 3478 ‘*)
537 3411 650 3464 Ibidem.
720 3407 772 3470 ao»,
790 3407 861 3472 ibid.
877 3422 905 3456 r.
922 3408 949 3454 9.
