2430 3824
86 215 200 286 mn,
220 220 309 286 ῐυΙ).
329 203 462 287 eunt.
481 221 529 287 ΙΝ
549 219 701 290 senus.
724 227 750 310 t.
765 217 900 296 19-21'.
941 229 1005 301 tot

85 409 169 452 mm.
207 387 269 460 ,Sto
288 392 366 452 enim
386 393 548 468 praeolat-ns
568 398 719 473 appamit,
747 399 877 476 aequalis
904 404 1005 465 oneris

84 473 264 546 (bominibus
284 477 334 536 vel
353 476 535 560 generosis),
563 481 734 556 praeclarior.
761 503 795 542 ea
816 495 915 564 porte,
945 507 1004 562 qua

86 559 339 643 meonetius
360 564 545 644 eemebatun3
577 585 613 625 so
633 565 714 642 quod
732 567 849 642 spiritns
868 591 921 645 pro
941 573 1005 632 ani·

84 663 134 704 nm
154 647 182 704 ei
203 647 356 709 serviebat.
407 645 519 723 Corpus
546 661 644 710 numm
663 651 756 726 magis
777 653 865 726 quum
885 656 1004 717 adamas

83 729 281 814 incomptum
309 742 370 791 erut
394 737 482 809 atque
502 734 655 794 illaesum:
670 736 758 794 -sicut
784 739 871 796 etiam
891 740 927 798 de
947 742 1004 800 isto

83 813 243 874 referentes
263 825 419 892 testantur,
446 818 530 876 nullo
557 819 657 879 labore
677 819 866 895 frangendum
888 833 1004 885 essent

85 901 180 960 omnis
199 899 376 960 ferrisintum
389 904 444 962 vix
456 905 580 976 sentire,
600 906 640 962 ita
658 914 690 962 ut
710 905 760 980 qui
775 903 858 964 ilium
872 919 1002 980 perante·

83 993 150 1060 ret,
171 985 234 1060 ipse
248 986 336 1044 ictum
349 993 495 1062 pateretur
507 997 535 1045 et
551 989 716 1048 caedentem
732 989 878 1050 renideret.
921 990 1005 1053 Haeo

83 1069 173 1130 etiam
197 1067 341 1145 Sampson
365 1071 467 1145 spiritu
487 1071 661 1132 custodiente
683 1073 954 1152 praeseferebat,
984 1095 1003 1136 a
1054 1075 1058 1088 '

82 1151 166 1212 nullo
181 1175 341 1230 umquam,
362 1156 446 1229 qnasi
462 1153 589 1232 dixeris,
610 1157 721 1216 bellum
740 1159 929 1235 sustinuisse,
950 1179 1003 1220 ne·

81 1257 141 1315 que
156 1240 355 1314 imperatoriae
372 1241 507 1300 vintoniae
526 1241 665 1300 secundas
687 1240 797 1316 gloriae
811 1244 914 1316 cuique
935 1263 1002 1302 eon·

82 1324 190 1400 ousta,
221 1325 329 1402 nanctis
354 1326 432 1384 enim
456 1325 689 1401 aggredientibus
707 1324 744 1384 ad
763 1345 828 1384 eum
841 1330 1002 1401 percutien-

83 1405 380 1484 dominacionem
396 1419 472 1490 enat.¹
510 1408 574 1470 lma
590 1431 685 1486 neque
700 1409 736 1468 ab
752 1409 813 1469 ulio
828 1411 887 1470 telo
898 1413 1002 1474 adven-
1113 1411 1115 1419 ’

82 1494 224 1552 sarionim
249 1491 386 1554 damnum
406 1495 585 1572 patiebatur3
617 1498 669 1572 qui
689 1496 766 1552 enim
782 1515 885 1558 nocere
901 1499 928 1558 ei
949 1519 1001 1558 vo·
1091 1571 1093 1576 ,

81 1575 197 1650 lebant,
231 1587 400 1655 retorquens
421 1577 593 1658 stt-etegent
617 1581 648 1639 in
676 1599 776 1641 eonem
797 1579 1000 1644 detrimentum

82 1662 261 1740 insurgebat.
300 1745 301 1750 ἵ
411 1719 420 1740 ,
729 1687 731 1697 ·

167 1833 192 1904 i.
216 1839 266 1893 20.
309 1831 475 1914 Quoniam,
502 1844 535 1894 ut
554 1833 676 1911 ututur,
703 1833 776 1894 solet
796 1853 934 1911 maguum
954 1835 999 1894 vi·
1109 1825 1111 1830 ⁵

79 1937 148 1978 rum
176 1920 258 1993 sequi
284 1919 425 1995 iuvidia3,
443 1927 472 1978 'et
500 1921 573 1980 siout
601 1930 644 1978 est
670 1919 730 1978 vita
751 1920 895 1994 pertenta,
926 1937 1000 1994 opus
1086 1964 1092 1970 -

78 2001 239 2078 periecttun
259 2005 290 2062 in
311 2023 346 2062 eo
368 2005 480 2078 publice
502 2004 698 2064 demonstrari.
741 2002 857 2066 Varum
876 2003 1039 2074 infir-1³4.

78 2083 185 2168 mae*)
203 2085 387 2162 humanitatis
403 2101 504 2149 nature
523 2109 581 2148 non
596 2090 710 2150 videtur
730 2089 956 2166 magnitudinem
976 2093 1037 2158 561

79 2171 219 2232 deiv'doni
246 2175 381 2248 recipere.
431 2173 531 2254 Quane
553 2177 728 2242 etiamtunc
749 2171 892 2248 Sampson
913 2175 997 2248 spiri-

78 2267 144 2318 tum
165 2257 321 2334 recipiens,
348 2255 472 2318 habebat
499 2259 616 2334 quidem
636 2257 819 2317 iustificatum
846 2268 875 2316 et
895 2257 940 2316 ad
952 2259 998 2317 vi·

78 2362 183 2418 gorem
203 2363 324 2419 corpus,
351 2338 402 2402 'sed
423 2343 525 2402 debilis
546 2344 766 2406 annvinoebntur
785 2342 881 2414 anima
902 2352 931 2402 et
952 2342 998 2401 ei·

77 2428 243 2488 seminatior
262 2428 423 2488 bannalibus
443 2428 651 2502 cupiditatibus.

166 2595 189 2667 i·
213 2601 264 2656 21.
313 2591 347 2654 Si
376 2595 493 2672 quidem
524 2597 640 2674 vigente
670 2595 775 2656 virtute
805 2613 874 2666 sua,
906 2613 997 2669 quium

79 2677 166 2744 umbo
187 2681 218 2737 in
239 2701 298 2738 uno
318 2691 447 2756 tempore
469 2681 583 2742 adultae
604 2681 705 2740 aetatis
725 2689 823 2752 erant,
851 2690 913 2736 tum
933 2698 997 2736 eor·

78 2765 159 2839 potis
187 2783 278 2824 ,sanata
308 2765 390 2824 valor
419 2779 448 2826 et
476 2769 566 2825 enimi
593 2765 750 2841 cupiditas,
781 2763 939 2824 seeundum
966 2759 997 2820 id

77 2858 195 2922 tempus
216 2861 285 2923 puto
306 2849 481 2910 desiderasse
502 2853 630 2910 animum
650 2849 780 2909 mulieris
801 2849 928 2921 coitum,
950 2863 996 2904 se·

77 2933 206 2992 cundum
227 2928 305 3007 q'uml
325 2948 429 3008 carptas
448 2945 509 2992 erat
530 2937 657 2993 satietate
678 2934 845 3018 egtpietum,
878 2940 910 2989 ut
930 2951 996 3004 per-

77 3016 152 3076 fecta
174 3036 226 3075 sua
246 3019 353 3077 virtute
374 3019 537 3092 possidente
558 3029 588 3078 et
607 3029 717 3093 partem
739 3015 852 3075 serendi
872 3017 996 3077 mitteret

77 3099 115 3160 de
136 3103 248 3162 semine
268 3103 300 3159 in
320 3113 395 3162 terre
412 3115 442 3162 et
462 3101 544 3162 fieret
560 3103 611 3178 qui
631 3112 811 3173 nasceretur,
832 3101 924 3159 vinus
944 3119 996 3174 pa·
1048 3102 1052 3122 ‘

65 3195 178 3246 'tentae
198 3186 332 3263 vinantis,
363 3188 395 3246 iu
416 3190 526 3249 semiue
547 3186 715 3252 sacrificato.
756 3185 856 3268 Quare
876 3204 930 3274 nen
948 3187 995 3244 its·

70 3375 76 3384 ‘
101 3431 110 3442 ..
128 3365 156 3429 *t
173 3368 244 3420 vest
266 3369 390 3434 infimo.
425 3369 509 3423 Aut.
665 3405 670 3410 -

111 3452 430 3508 sensuum·
589 3498 590 3506 ,
683 3460 702 3522 g
770 3431 884 3522 lib.—
