2432 3826
192 181 264 268 aar,
309 139 421 274 rum
442 152 530 288 rpus.
550 179 683 270 onus.
705 181 764 268 ue
788 169 948 266 couno.
970 189 1001 248 o.
1025 192 1079 250 1o
1105 184 1123 289 s

195 351 333 428 eddom,
364 360 396 410 ut
409 371 499 434 reor,
526 371 576 412 ore
596 349 692 412 clauso
721 351 879 428 ceterisque
899 343 1034 412 sensibus
1054 371 1122 418 oes-

195 437 324 500 sautibus
345 456 397 512 per
417 441 502 496 nares
515 435 625 506 vadens
646 437 762 512 spiratio
783 437 1001 513 constringitur,
1030 447 1120 512 atque

194 521 295 582 itidem
324 521 490 580 constrictus
519 521 613 596 magis
641 531 780 598 angrrstus
808 519 978 596 subtilisque
999 521 1120 600 canalis,
1195 582 1198 589 ,

149 631 151 636 ·
195 611 286 682 quum
314 605 459 678 repleatur
481 606 655 682 spiramine,
691 605 807 664 sibilum
835 603 911 665 edit:
951 607 1121 682 angiportus

195 710 265 765 ergo
290 687 336 748 bic
357 691 387 748 in
416 687 471 749 boc
498 700 597 762 tenore
624 684 821 770 (nubrraliter)
848 690 940 764 placet
953 725 957 729 -
970 689 1119 754 declarari.

195 771 349 850 Propheta.
367 795 439 834 uero
467 795 528 858 pon
554 775 681 850 quasia
709 785 810 834 natura
832 785 944 834 coactus
971 775 1120 852 stertebat,

116 931 121 936 ,
195 869 370 936 quantusue
389 857 512 934 iudicio,
542 861 573 918 in
598 855 850 934 reprehensionem
872 861 980 940 peccati
1005 861 1118 921 citatus.

194 941 249 1003 Ad
269 941 346 1001 hunc
367 964 436 1020 ergo
457 941 619 1003 navarchus
639 943 795 1018 accedens,
824 940 1037 1020 Negligeuter,
1066 944 1120 1020 ait,

195 1027 303 1086 domnis
330 1047 347 1086 o
377 1025 479 1087 homo!
511 1037 645 1086 tautusne
675 1048 794 1087 somnus
825 1027 901 1086 altus
929 1039 957 1088 te
986 1029 1120 1102 obtinuit,

194 1121 227 1172 ut
253 1133 349 1188 neque
377 1133 416 1172 ex
449 1114 570 1186 strepitu
598 1112 739 1172 fluctuum
767 1133 863 1188 neque
891 1133 931 1171 ex
957 1113 1119 1172 turbatione
1199 1183 1201 1192 Ι

195 1199 279 1256 nauis
295 1197 524 1276 expergiscaris?
546 1217 632 1274 surge
647 1207 675 1256 et
690 1199 816 1256 excutito
831 1191 962 1272 soporem
984 1205 1013 1256 et
1030 1196 1120 1256 deum
1197 1242 1201 1260 t

196 1291 280 1344 tuum
300 1283 412 1342 invoca.
461 1279 530 1342 Non
551 1281 635 1342 vides
656 1303 724 1353 eos,
753 1284 889 1358 quiante
911 1283 1044 1340 tuumin
1065 1301 1120 1340 na·

178 1387 264 1430 ¹uem
285 1370 449 1443 ingressum
469 1367 590 1426 feliciter
611 1367 805 1443 navigabant,
836 1378 864 1426 te
884 1363 931 1424 lric
958 1367 1120 1426 somniante

195 1451 412 1528 periclitantes?
445 1449 525 1512 Non,
545 1451 627 1512 uides
657 1452 694 1510 ud
721 1451 847 1522 caelum¹
863 1451 1009 1510 elevatum
1038 1459 1140 1511 mare'

196 1536 354 1596 isindorum
369 1538 458 1595 instar
472 1547 500 1596 et
521 1538 670 1596 turbameu
685 1538 716 1594 in
729 1547 824 1594 nostra
838 1535 907 1594 navi
920 1535 1061 1594 diffusum
1068 1539 1118 1608 *)l

196 1619 277 1700 Quid
288 1618 331 1680 es't
348 1642 436 1698 ergo,
458 1632 490 1680 ut
504 1623 611 1680 cunctis
627 1621 821 1680 laborantibus
835 1630 868 1679 tu
883 1621 991 1691 otiosus
1009 1623 1118 1680 vscesi

169 1766 173 1773 ,
196 1703 230 1766 Si
245 1705 378 1766 sufficere
395 1718 478 1784 putas
495 1717 623 1768 nostrum
639 1705 768 1766 laborem
784 1716 812 1764 et
831 1716 864 1766 tu
882 1705 1004 1764 aliorum
1020 1705 1120 1765 labore
1200 1773 1201 1778 ἵ

196 1791 294 1851 studes
311 1803 339 1852 te
356 1793 490 1868 saluere,
518 1812 571 1854 uos
586 1802 636 1854 tua
656 1789 736 1854 te'rda
750 1791 925 1869 pigritudine
944 1789 1041 1851 traditi
1065 1810 1118 1870 pe·
1200 1799 1201 1810 ¹

196 1897 297 1938 rimus.

282 2045 306 2116 l.
330 2051 380 2105 10.
424 2039 513 2106 Tunc
530 2043 749 2122 expergefactus
768 2040 907 2120 propbeta
923 2053 952 2104 et
976 2063 1064 2118 super
1081 2050 1162 2113 ΡᾸΔ.

196 2126 314 2188 dorsum
339 2129 423 2188 navis
453 2127 635 2206 ascendens,
652 2129 726 2188 vidit
752 2131 872 2191 nubium
892 2128 1077 2210 hibernarum
1096 2129 1158 2190 584

196 2213 319 2274 densum
341 2215 562 2295 nigrorem**),
585 2225 613 2273 et
635 2213 777 2274 undarum
799 2216 1023 2286 aestuationem,
1045 2234 1119 2274 ven·

196 2309 292 2359 torum
323 2300 508 2376 violentiam,
546 2299 692 2358 ululatum
720 2299 879 2361 bominum
913 2299 1119 2376 planctumque

196 2405 369 2462 puerorum,
385 2395 434 2444 'ut
454 2406 546 2460 paene
574 2396 739 2444 cunctorum
760 2375 872 2444 duimae
894 2395 986 2444 morte
1007 2385 1119 2442 exstin-

197 2479 258 2528 ctae
285 2469 461 2528 videreutur.
515 2467 651 2545 Desuper
678 2472 766 2547 igitur
795 2469 876 2529 velut
907 2467 942 2528 de
969 2467 1027 2528 alta
1047 2467 1117 2528 sede

196 2554 340 2612 melorum
369 2555 597 2629 circumspiciens
617 2555 690 2614 vidit
718 2575 817 2614 eorum
839 2556 960 2630 copiam.
1003 2550 1117 2612 Iudica-

197 2639 240 2698 vit
267 2658 338 2714 ergo
367 2639 403 2696 ob
425 2659 510 2698 surun
538 2650 685 2716 peccatum
706 2639 866 2698 conturbari
893 2658 991 2716 mare;
1025 2635 1118 2696 adbuc
1197 2643 1198 2650 ’

197 2733 295 2782 tamen
325 2721 462 2781 oblivioni
483 2723 598 2784 tradens
619 2745 680 2792 rem
702 2723 877 2800 occultabat,
905 2744 964 2784 uon
985 2721 1041 2782 sibi
1062 2722 1117 2782 soli

197 2807 357 2884 periculum
385 2808 485 2868 adesse
509 2809 697 2884 existimans,
731 2809 782 2868 sed
802 2829 952 2868 commune
974 2807 1118 2866 universis

200 2893 325 2953 videndo
355 2913 418 2954 sese
446 2893 596 2954 consolari.
640 2891 689 2952 Sic
716 2897 793 2954 enim
820 2895 935 2953 evenire
961 2893 1053 2966 solet,
1085 2901 1118 2952 ut
1196 2937 1197 2974 ,

197 2976 292 3038 leuius
309 2989 425 3054 putetur
439 2977 548 3040 malum
560 2975 747 3058 hominibus,
757 2999 848 3055 quum
863 2978 947 3037 multi
960 2977 1037 3040 idem
1047 2975 1117 3036 sub·

205 3127 358 3142 st—-u—m-
367 3137 370 3140 .
382 3137 386 3142 .

251 3209 274 3268 'l
291 3211 337 3260 ‘Ad
354 3215 481 3262 verbum
499 3211 623 3262 inclusum
638 3215 684 3262 sel
701 3212 839 3264 detentum.
865 3213 950 3262 Aeol.
1003 3208 1044 3277 “)
1062 3211 1118 3262 Vel

198 3283 385 3342 tempestatem
412 3281 450 3329 sio
468 3280 540 3330 enirn
555 3281 683 3342 supponit
698 3281 795 3343 pesum
819 3279 899 3332 bieme
915 3294 965 3344 per
981 3279 1117 3330 Helleni!-

198 3360 267 3394 mum
286 3361 334 3407 pro
352 3357 517 3409 tempestate.
556 3349 642 3400 Asela
1052 3351 1060 3358 '
