<?xml version="1.0" encoding="UTF-8"?>
<!DOCTYPE html PUBLIC "-//W3C//DTD XHTML 1.0 Transitional//EN"
    "http://www.w3.org/TR/xhtml1/DTD/xhtml1-transitional.dtd">
<html xmlns="http://www.w3.org/1999/xhtml" xml:lang="en" lang="en">
 <head>
  <title>
</title>
<meta http-equiv="Content-Type" content="text/html;charset=utf-8" />
  <meta name='ocr-system' content='tesseract 3.04.00' />
  <meta name='ocr-capabilities' content='ocr_page ocr_carea ocr_par ocr_line ocrx_word'/>
</head>
<body>
  <div class='ocr_page' id='page_1' title='image "./philojudaeusope01unkngoog_0127.png"; bbox 0 0 2432 3820; ppageno 0'>
   <div class='ocr_carea' id='block_1_1' title="bbox 184 241 1110 366">
    <p class='ocr_par' dir='ltr' id='par_1_1' title="bbox 184 241 1110 366">
     <span class='ocr_line' id='line_1_1' title="bbox 184 241 1110 366; baseline 0.002 -46"><span class='ocrx_word' id='word_1_1' title='bbox 184 253 249 322; x_wconf 86' lang='lat' dir='ltr'><strong>11o</strong></span> <span class='ocrx_word' id='word_1_2' title='bbox 268 241 1110 366; x_wconf 68' lang='lat' dir='ltr'><strong>nnrn.1nn.ouuns‘r.nronu.n.1.v.§.er-er:</strong></span> 
     </span>
    </p>
   </div>
   <div class='ocr_carea' id='block_1_2' title="bbox 139 421 1206 1427">
    <p class='ocr_par' dir='ltr' id='par_1_2' title="bbox 184 421 1206 1099">
     <span class='ocr_line' id='line_1_2' title="bbox 184 421 1111 504; baseline 0 -15"><span class='ocrx_word' id='word_1_3' title='bbox 184 425 295 489; x_wconf 89' lang='lat' dir='ltr'><strong>domini</strong></span> <span class='ocrx_word' id='word_1_4' title='bbox 322 445 387 488; x_wconf 79' lang='lat' dir='ltr'><strong>esse</strong></span> <span class='ocrx_word' id='word_1_5' title='bbox 414 424 563 487; x_wconf 77' lang='lat' dir='ltr'><strong>hominem</strong></span> <span class='ocrx_word' id='word_1_6' title='bbox 582 436 664 488; x_wconf 84' lang='lat' dir='ltr'><strong>notet</strong></span> <span class='ocrx_word' id='word_1_7' title='bbox 684 427 842 504; x_wconf 81' lang='lat' dir='ltr'><strong>scripturn:</strong></span> <span class='ocrx_word' id='word_1_8' title='bbox 874 429 906 486; x_wconf 88' lang='lat' dir='ltr'><strong>iu</strong></span> <span class='ocrx_word' id='word_1_9' title='bbox 937 429 1011 488; x_wconf 86' lang='lat' dir='ltr'><strong>serie</strong></span> <span class='ocrx_word' id='word_1_10' title='bbox 1038 421 1111 489; x_wconf 69' lang='lat' dir='ltr'><strong>vero</strong></span> 
     </span>
     <span class='ocr_line' id='line_1_3' title="bbox 184 507 1112 590; baseline -0.002 -15"><span class='ocrx_word' id='word_1_11' title='bbox 184 512 361 590; x_wconf 80' lang='lat' dir='ltr'><strong>allegoriae,</strong></span> <span class='ocrx_word' id='word_1_12' title='bbox 391 514 479 572; x_wconf 92' lang='lat' dir='ltr'><strong>etiam</strong></span> <span class='ocrx_word' id='word_1_13' title='bbox 506 522 610 573; x_wconf 76' lang='lat' dir='ltr'><strong>nature</strong></span> <span class='ocrx_word' id='word_1_14' title='bbox 636 521 752 588; x_wconf 77' lang='lat' dir='ltr'><strong>nostre,</strong></span> <span class='ocrx_word' id='word_1_15' title='bbox 781 523 815 572; x_wconf 88' lang='lat' dir='ltr'><strong>ut</strong></span> <span class='ocrx_word' id='word_1_16' title='bbox 845 513 980 590; x_wconf 81' lang='lat' dir='ltr'><strong>videtur,</strong></span> <span class='ocrx_word' id='word_1_17' title='bbox 1000 507 1112 588; x_wconf 67' lang='lat' dir='ltr'><strong>&#39;huius-</strong></span> 
     </span>
     <span class='ocr_line' id='line_1_4' title="bbox 184 595 1206 660; baseline 0.002 -2"><span class='ocrx_word' id='word_1_18' title='bbox 184 598 264 658; x_wconf 88' lang='lat' dir='ltr'><strong>modi</strong></span> <span class='ocrx_word' id='word_1_19' title='bbox 290 599 438 657; x_wconf 80' lang='lat' dir='ltr'><strong>aestimata</strong></span> <span class='ocrx_word' id='word_1_20' title='bbox 467 607 522 658; x_wconf 80' lang='lat' dir='ltr'><strong>est.</strong></span> <span class='ocrx_word' id='word_1_21' title='bbox 567 595 654 658; x_wconf 84' lang='lat' dir='ltr'><strong>Servi</strong></span> <span class='ocrx_word' id='word_1_22' title='bbox 675 617 708 657; x_wconf 90' lang='lat' dir='ltr'><strong>ac</strong></span> <span class='ocrx_word' id='word_1_23' title='bbox 728 598 852 656; x_wconf 86' lang='lat' dir='ltr'><strong>ministri</strong></span> <span class='ocrx_word' id='word_1_24' title='bbox 873 597 1004 658; x_wconf 83' lang='lat' dir='ltr'><strong>ordinem</strong></span> <span class='ocrx_word' id='word_1_25' title='bbox 1023 597 1113 659; x_wconf 86' lang='lat' dir='ltr'><strong>habet</strong></span> <span class='ocrx_word' id='word_1_26' title='bbox 1205 657 1206 660; x_wconf 74' lang='grc'>,</span> 
     </span>
     <span class='ocr_line' id='line_1_5' title="bbox 184 681 1112 764; baseline 0 -20"><span class='ocrx_word' id='word_1_27' title='bbox 184 683 217 744; x_wconf 76' lang='lat' dir='ltr'><strong>in</strong></span> <span class='ocrx_word' id='word_1_28' title='bbox 236 683 320 742; x_wconf 80' lang='lat' dir='ltr'><strong>nobis</strong></span> <span class='ocrx_word' id='word_1_29' title='bbox 340 683 462 744; x_wconf 81' lang='lat' dir='ltr'><strong>verbum</strong></span> <span class='ocrx_word' id='word_1_30' title='bbox 483 681 626 764; x_wconf 73' lang='lat' dir='ltr'><strong>prolatum</strong></span> <span class='ocrx_word' id='word_1_31' title='bbox 647 692 733 742; x_wconf 87' lang='lat' dir='ltr'><strong>extra</strong></span> <span class='ocrx_word' id='word_1_32' title='bbox 754 693 903 758; x_wconf 82' lang='lat' dir='ltr'>mentem,</span> <span class='ocrx_word' id='word_1_33' title='bbox 925 704 1001 760; x_wconf 82' lang='lat' dir='ltr'><strong>quae</strong></span> <span class='ocrx_word' id='word_1_34' title='bbox 1020 683 1112 744; x_wconf 74' lang='lat' dir='ltr'><strong>verbo</strong></span> 
     </span>
     <span class='ocr_line' id='line_1_6' title="bbox 184 767 1112 848; baseline 0.001 -20"><span class='ocrx_word' id='word_1_35' title='bbox 184 767 338 848; x_wconf 71' lang='lat' dir='ltr'><strong>perfectior</strong></span> <span class='ocrx_word' id='word_1_36' title='bbox 366 777 410 827; x_wconf 88' lang='lat' dir='ltr'><strong>est</strong></span> <span class='ocrx_word' id='word_1_37' title='bbox 438 777 468 828; x_wconf 86' lang='lat' dir='ltr'><strong>et</strong></span> <span class='ocrx_word' id='word_1_38' title='bbox 494 769 626 844; x_wconf 81' lang='lat' dir='ltr'><strong>princeps</strong></span> <span class='ocrx_word' id='word_1_39' title='bbox 658 777 745 843; x_wconf 86' lang='lat' dir='ltr'><strong>atque</strong></span> <span class='ocrx_word' id='word_1_40' title='bbox 778 767 906 828; x_wconf 89' lang='lat' dir='ltr'><strong>domina.</strong></span> <span class='ocrx_word' id='word_1_41' title='bbox 955 767 1021 840; x_wconf 84' lang='lat' dir='ltr'><strong>Hoc</strong></span> <span class='ocrx_word' id='word_1_42' title='bbox 1041 789 1112 846; x_wconf 80' lang='lat' dir='ltr'><strong>crgo</strong></span> 
     </span>
     <span class='ocr_line' id='line_1_7' title="bbox 185 851 1112 929; baseline -0.003 -14"><span class='ocrx_word' id='word_1_43' title='bbox 185 854 308 916; x_wconf 77' lang='lat' dir='ltr'><strong>verbnm</strong></span> <span class='ocrx_word' id='word_1_44' title='bbox 329 851 474 929; x_wconf 88' lang='lat' dir='ltr'><strong>prolatum</strong></span> <span class='ocrx_word' id='word_1_45' title='bbox 494 863 539 912; x_wconf 86' lang='lat' dir='ltr'><strong>est</strong></span> <span class='ocrx_word' id='word_1_46' title='bbox 564 853 656 928; x_wconf 67' lang='lat' dir='ltr'><strong>ipmns</strong></span> <span class='ocrx_word' id='word_1_47' title='bbox 675 854 807 914; x_wconf 76' lang='lat' dir='ltr'><strong>minister</strong></span> <span class='ocrx_word' id='word_1_48' title='bbox 826 853 942 929; x_wconf 88' lang='lat' dir='ltr'><strong>senior,</strong></span> <span class='ocrx_word' id='word_1_49' title='bbox 969 855 1112 929; x_wconf 82' lang='lat' dir='ltr'><strong>principe·</strong></span> 
     </span>
     <span class='ocr_line' id='line_1_8' title="bbox 185 937 1111 1014; baseline 0 -15"><span class='ocrx_word' id='word_1_50' title='bbox 185 949 249 999; x_wconf 84' lang='lat' dir='ltr'><strong>tnm</strong></span> <span class='ocrx_word' id='word_1_51' title='bbox 278 937 388 998; x_wconf 84' lang='lat' dir='ltr'><strong>habens</strong></span> <span class='ocrx_word' id='word_1_52' title='bbox 407 957 458 998; x_wconf 44' lang='lat' dir='ltr'><strong>rex</strong></span> <span class='ocrx_word' id='word_1_53' title='bbox 482 947 585 997; x_wconf 85' lang='lat' dir='ltr'><strong>natura</strong></span> <span class='ocrx_word' id='word_1_54' title='bbox 615 947 764 1013; x_wconf 87' lang='lat' dir='ltr'><strong>tamquam</strong></span> <span class='ocrx_word' id='word_1_55' title='bbox 797 955 815 997; x_wconf 86' lang='lat' dir='ltr'><strong>a</strong></span> <span class='ocrx_word' id='word_1_56' title='bbox 844 957 897 998; x_wconf 85' lang='lat' dir='ltr'><strong>suo</strong></span> <span class='ocrx_word' id='word_1_57' title='bbox 921 947 1013 1014; x_wconf 73' lang='lat' dir='ltr'><strong>rege,</strong></span> <span class='ocrx_word' id='word_1_58' title='bbox 1046 941 1111 999; x_wconf 84' lang='lat' dir='ltr'><strong>sive</strong></span> 
     </span>
     <span class='ocr_line' id='line_1_9' title="bbox 185 1019 1111 1099; baseline -0.002 -15"><span class='ocrx_word' id='word_1_59' title='bbox 185 1025 297 1084; x_wconf 84' lang='lat' dir='ltr'><strong>ratione</strong></span> <span class='ocrx_word' id='word_1_60' title='bbox 323 1043 410 1099; x_wconf 85' lang='lat' dir='ltr'><strong>super</strong></span> <span class='ocrx_word' id='word_1_61' title='bbox 433 1021 590 1098; x_wconf 86' lang='lat' dir='ltr'><strong>corporalia</strong></span> <span class='ocrx_word' id='word_1_62' title='bbox 612 1023 804 1082; x_wconf 88' lang='lat' dir='ltr'><strong>instrumenta</strong></span> <span class='ocrx_word' id='word_1_63' title='bbox 830 1033 860 1081; x_wconf 88' lang='lat' dir='ltr'><strong>et</strong></span> <span class='ocrx_word' id='word_1_64' title='bbox 881 1021 1006 1082; x_wconf 78' lang='lat' dir='ltr'><strong>obiecta:</strong></span> <span class='ocrx_word' id='word_1_65' title='bbox 1032 1019 1111 1082; x_wconf 81' lang='lat' dir='ltr'><strong>&#39;haec</strong></span> 
     </span>
    </p>

    <p class='ocr_par' dir='ltr' id='par_1_3' title="bbox 139 1107 1152 1255">
     <span class='ocr_line' id='line_1_10' title="bbox 139 1107 1152 1185; baseline -0.003 -15"><span class='ocrx_word' id='word_1_66' title='bbox 139 1174 143 1178; x_wconf 12' lang='grc' dir='ltr'><strong>ᾗ</strong></span> <span class='ocrx_word' id='word_1_67' title='bbox 186 1109 266 1170; x_wconf 84' lang='lat' dir='ltr'><strong>enim</strong></span> <span class='ocrx_word' id='word_1_68' title='bbox 286 1109 423 1175; x_wconf 82' lang='lat' dir='ltr'><strong>universa</strong></span> <span class='ocrx_word' id='word_1_69' title='bbox 446 1125 500 1185; x_wconf 86' lang='lat' dir='ltr'><strong>per</strong></span> <span class='ocrx_word' id='word_1_70' title='bbox 518 1108 628 1168; x_wconf 74' lang='lat' dir='ltr'><strong>uirtute</strong></span> <span class='ocrx_word' id='word_1_71' title='bbox 647 1109 780 1168; x_wconf 81' lang='lat' dir='ltr'><strong>ornatum</strong></span> <span class='ocrx_word' id='word_1_72' title='bbox 798 1107 961 1166; x_wconf 85' lang='lat' dir='ltr'><strong>ministrnm</strong></span> <span class='ocrx_word' id='word_1_73' title='bbox 985 1107 1112 1184; x_wconf 75' lang='lat' dir='ltr'><strong>disponit</strong></span> <span class='ocrx_word' id='word_1_74' title='bbox 1146 1109 1152 1120; x_wconf 83' lang='lat'><em>&#39;</em></span> 
     </span>
     <span class='ocr_line' id='line_1_11' title="bbox 186 1195 1023 1255; baseline -0.002 -1"><span class='ocrx_word' id='word_1_75' title='bbox 186 1195 271 1255; x_wconf 79' lang='lat' dir='ltr'><strong>ratio.</strong></span> <span class='ocrx_word' id='word_1_76' title='bbox 1018 1247 1023 1252; x_wconf 93' lang='lat'>.</span> 
     </span>
    </p>

    <p class='ocr_par' dir='ltr' id='par_1_4' title="bbox 909 1273 1155 1331">
     <span class='ocr_line' id='line_1_12' title="bbox 909 1273 1155 1331; baseline 0.028 -7"><span class='ocrx_word' id='word_1_77' title='bbox 909 1285 911 1292; x_wconf 89' lang='grc'><strong>’</strong></span> <span class='ocrx_word' id='word_1_78' title='bbox 1072 1273 1155 1331; x_wconf 68' lang='lat' dir='ltr'><strong>m.</strong></span> 
     </span>
    </p>

    <p class='ocr_par' dir='ltr' id='par_1_5' title="bbox 189 1339 1148 1427">
     <span class='ocr_line' id='line_1_13' title="bbox 189 1339 1148 1427; baseline 0.003 -19"><span class='ocrx_word' id='word_1_79' title='bbox 189 1341 398 1408; x_wconf 60' lang='lat' dir='ltr'><strong>andree:</strong></span> <span class='ocrx_word' id='word_1_80' title='bbox 419 1341 632 1407; x_wconf 73' lang='lat' dir='ltr'><strong>Portemus</strong></span> <span class='ocrx_word' id='word_1_81' title='bbox 648 1339 1068 1427; x_wconf 66' lang='lat' dir='ltr'><strong>munudfemurmeum*)?</strong></span> <span class='ocrx_word' id='word_1_82' title='bbox 1087 1353 1148 1412; x_wconf 72' lang='lat'><strong>311</strong></span> 
     </span>
    </p>
   </div>
   <div class='ocr_carea' id='block_1_3' title="bbox 118 1443 1208 2633">
    <p class='ocr_par' dir='ltr' id='par_1_6' title="bbox 185 1443 1208 2207">
     <span class='ocr_line' id='line_1_14' title="bbox 274 1443 1208 1528; baseline -0.003 -20"><span class='ocrx_word' id='word_1_83' title='bbox 274 1450 297 1519; x_wconf 72' lang='lat' dir='ltr'><strong>t.</strong></span> <span class='ocrx_word' id='word_1_84' title='bbox 319 1453 371 1508; x_wconf 85' lang='grc'><strong>86.</strong></span> <span class='ocrx_word' id='word_1_85' title='bbox 415 1445 517 1528; x_wconf 85' lang='lat' dir='ltr'><strong>Quum</strong></span> <span class='ocrx_word' id='word_1_86' title='bbox 538 1446 720 1506; x_wconf 80' lang='lat' dir='ltr'><strong>adiuncturus</strong></span> <span class='ocrx_word' id='word_1_87' title='bbox 741 1456 819 1506; x_wconf 81' lang='lat' dir='ltr'><strong>esset</strong></span> <span class='ocrx_word' id='word_1_88' title='bbox 837 1451 980 1518; x_wconf 86' lang='lat' dir='ltr'><strong>(serrum)</strong></span> <span class='ocrx_word' id='word_1_89' title='bbox 1002 1445 1038 1506; x_wconf 89' lang='lat' dir='ltr'><strong>de</strong></span> <span class='ocrx_word' id='word_1_90' title='bbox 1060 1443 1111 1506; x_wconf 89' lang='lat' dir='ltr'><strong>de·</strong></span> <span class='ocrx_word' id='word_1_91' title='bbox 1207 1519 1208 1524; x_wconf 8' lang='grc' dir='ltr'>ἵ</span> 
     </span>
     <span class='ocr_line' id='line_1_15' title="bbox 187 1531 1113 1609; baseline -0.002 -17"><span class='ocrx_word' id='word_1_92' title='bbox 187 1532 371 1609; x_wconf 85' lang='lat' dir='ltr'><strong>sponsatione</strong></span> <span class='ocrx_word' id='word_1_93' title='bbox 400 1531 549 1608; x_wconf 86' lang='lat' dir='ltr'><strong>mulieris,</strong></span> <span class='ocrx_word' id='word_1_94' title='bbox 581 1551 700 1590; x_wconf 83' lang='lat' dir='ltr'><strong>monum</strong></span> <span class='ocrx_word' id='word_1_95' title='bbox 727 1531 807 1591; x_wconf 87' lang='lat' dir='ltr'><strong>iubet</strong></span> <span class='ocrx_word' id='word_1_96' title='bbox 833 1551 994 1607; x_wconf 77' lang='lat' dir='ltr'><strong>supponere</strong></span> <span class='ocrx_word' id='word_1_97' title='bbox 1022 1549 1113 1608; x_wconf 89' lang='lat' dir='ltr'><strong>prope</strong></span> 
     </span>
     <span class='ocr_line' id='line_1_16' title="bbox 185 1615 1113 1694; baseline -0.001 -16"><span class='ocrx_word' id='word_1_98' title='bbox 185 1619 219 1678; x_wconf 82' lang='lat' dir='ltr'><strong>iu</strong></span> <span class='ocrx_word' id='word_1_99' title='bbox 247 1617 343 1676; x_wconf 90' lang='lat' dir='ltr'><strong>locum</strong></span> <span class='ocrx_word' id='word_1_100' title='bbox 371 1617 590 1694; x_wconf 81' lang='lat' dir='ltr'><strong>generativum,</strong></span> <span class='ocrx_word' id='word_1_101' title='bbox 626 1615 792 1692; x_wconf 83' lang='lat' dir='ltr'><strong>significans</strong></span> <span class='ocrx_word' id='word_1_102' title='bbox 821 1617 1113 1677; x_wconf 64' lang='lat' dir='ltr'><strong>cremonensem</strong></span> 
     </span>
     <span class='ocr_line' id='line_1_17' title="bbox 187 1700 1111 1779; baseline -0.002 -15"><span class='ocrx_word' id='word_1_103' title='bbox 187 1704 297 1764; x_wconf 82' lang='lat' dir='ltr'><strong>tionem</strong></span> <span class='ocrx_word' id='word_1_104' title='bbox 323 1701 360 1762; x_wconf 92' lang='lat' dir='ltr'><strong>de</strong></span> <span class='ocrx_word' id='word_1_105' title='bbox 384 1701 523 1762; x_wconf 87' lang='lat' dir='ltr'><strong>affinitate</strong></span> <span class='ocrx_word' id='word_1_106' title='bbox 548 1711 579 1762; x_wconf 90' lang='lat' dir='ltr'><strong>et</strong></span> <span class='ocrx_word' id='word_1_107' title='bbox 604 1703 819 1762; x_wconf 78' lang='lat' dir='ltr'><strong>matrimonium</strong></span> <span class='ocrx_word' id='word_1_108' title='bbox 850 1700 1111 1779; x_wconf 70' lang='lat' dir='ltr'><strong>irreprehensibile,</strong></span> 
     </span>
     <span class='ocr_line' id='line_1_18' title="bbox 187 1785 1112 1866; baseline 0 -18"><span class='ocrx_word' id='word_1_109' title='bbox 187 1787 267 1866; x_wconf 78' lang='lat' dir='ltr'><strong>quod</strong></span> <span class='ocrx_word' id='word_1_110' title='bbox 292 1807 344 1863; x_wconf 89' lang='lat' dir='ltr'><strong>pro</strong></span> <span class='ocrx_word' id='word_1_111' title='bbox 377 1786 437 1848; x_wconf 82' lang='lat' dir='ltr'><strong>fine</strong></span> <span class='ocrx_word' id='word_1_112' title='bbox 462 1785 568 1847; x_wconf 80' lang='lat' dir='ltr'><strong>habeat</strong></span> <span class='ocrx_word' id='word_1_113' title='bbox 590 1805 650 1846; x_wconf 92' lang='lat' dir='ltr'><strong>non</strong></span> <span class='ocrx_word' id='word_1_114' title='bbox 679 1787 860 1865; x_wconf 81' lang='lat' dir='ltr'><strong>cupidinem,</strong></span> <span class='ocrx_word' id='word_1_115' title='bbox 895 1787 947 1849; x_wconf 85' lang='lat' dir='ltr'><strong>ued</strong></span> <span class='ocrx_word' id='word_1_116' title='bbox 969 1789 1112 1866; x_wconf 82' lang='lat' dir='ltr'><strong>genuino·</strong></span> 
     </span>
     <span class='ocr_line' id='line_1_19' title="bbox 187 1869 1112 1950; baseline -0.001 -15"><span class='ocrx_word' id='word_1_117' title='bbox 187 1893 254 1935; x_wconf 83' lang='lat' dir='ltr'><strong>rum</strong></span> <span class='ocrx_word' id='word_1_118' title='bbox 268 1871 397 1932; x_wconf 83' lang='lat' dir='ltr'><strong>filiorum</strong></span> <span class='ocrx_word' id='word_1_119' title='bbox 411 1873 644 1949; x_wconf 82' lang='lat' dir='ltr'><strong>procreationem.</strong></span> <span class='ocrx_word' id='word_1_120' title='bbox 663 1869 832 1950; x_wconf 79' lang='lat' dir='ltr'><strong>Allegorice</strong></span> <span class='ocrx_word' id='word_1_121' title='bbox 847 1893 918 1933; x_wconf 83' lang='lat' dir='ltr'><strong>vero</strong></span> <span class='ocrx_word' id='word_1_122' title='bbox 932 1872 1112 1948; x_wconf 74' lang='lat' dir='ltr'><strong>accipientes,</strong></span> 
     </span>
     <span class='ocr_line' id='line_1_20' title="bbox 188 1954 1112 2020; baseline -0.003 0"><span class='ocrx_word' id='word_1_123' title='bbox 188 1959 317 2020; x_wconf 86' lang='lat' dir='ltr'><strong>dicamus</strong></span> <span class='ocrx_word' id='word_1_124' title='bbox 340 1957 439 2018; x_wconf 84' lang='lat' dir='ltr'><strong>liceat:</strong></span> <span class='ocrx_word' id='word_1_125' title='bbox 461 1954 614 2018; x_wconf 87' lang='lat' dir='ltr'><strong>Veraciter</strong></span> <span class='ocrx_word' id='word_1_126' title='bbox 631 1957 728 2016; x_wconf 81' lang='lat' dir='ltr'><strong>femur</strong></span> <span class='ocrx_word' id='word_1_127' title='bbox 745 1957 801 2017; x_wconf 89' lang='lat' dir='ltr'><strong>dici</strong></span> <span class='ocrx_word' id='word_1_128' title='bbox 821 1957 907 2016; x_wconf 85' lang='lat' dir='ltr'><strong>illum</strong></span> <span class='ocrx_word' id='word_1_129' title='bbox 933 1959 1046 2017; x_wconf 90' lang='lat' dir='ltr'><strong>animae</strong></span> <span class='ocrx_word' id='word_1_130' title='bbox 1067 1957 1112 2018; x_wconf 91' lang='lat' dir='ltr'><strong>lo·</strong></span> 
     </span>
     <span class='ocr_line' id='line_1_21' title="bbox 187 2041 1113 2122; baseline -0.003 -16"><span class='ocrx_word' id='word_1_131' title='bbox 187 2063 274 2122; x_wconf 79' lang='lat' dir='ltr'><strong>mm,</strong></span> <span class='ocrx_word' id='word_1_132' title='bbox 295 2044 347 2119; x_wconf 88' lang='lat' dir='ltr'><strong>qui</strong></span> <span class='ocrx_word' id='word_1_133' title='bbox 361 2063 421 2102; x_wconf 90' lang='lat' dir='ltr'><strong>non</strong></span> <span class='ocrx_word' id='word_1_134' title='bbox 446 2041 530 2120; x_wconf 85' lang='lat' dir='ltr'><strong>fluit,</strong></span> <span class='ocrx_word' id='word_1_135' title='bbox 551 2041 604 2103; x_wconf 76' lang='lat' dir='ltr'><strong>sed</strong></span> <span class='ocrx_word' id='word_1_136' title='bbox 621 2042 793 2104; x_wconf 73' lang='lat' dir='ltr'><strong>stabilirent</strong></span> <span class='ocrx_word' id='word_1_137' title='bbox 813 2042 919 2102; x_wconf 84' lang='lat' dir='ltr'><strong>duritia</strong></span> <span class='ocrx_word' id='word_1_138' title='bbox 940 2044 1113 2103; x_wconf 82' lang='lat' dir='ltr'><strong>constantia·</strong></span> 
     </span>
     <span class='ocr_line' id='line_1_22' title="bbox 187 2128 1111 2207; baseline -0.002 -17"><span class='ocrx_word' id='word_1_139' title='bbox 187 2149 267 2207; x_wconf 77' lang='lat' dir='ltr'><strong>qne:</strong></span> <span class='ocrx_word' id='word_1_140' title='bbox 306 2148 393 2204; x_wconf 84' lang='lat' dir='ltr'><strong>snpra</strong></span> <span class='ocrx_word' id='word_1_141' title='bbox 416 2147 505 2204; x_wconf 88' lang='lat' dir='ltr'><strong>qneru</strong></span> <span class='ocrx_word' id='word_1_142' title='bbox 529 2128 610 2188; x_wconf 88' lang='lat' dir='ltr'><strong>iubet</strong></span> <span class='ocrx_word' id='word_1_143' title='bbox 629 2128 740 2190; x_wconf 77' lang='lat' dir='ltr'><strong>ratione</strong></span> <span class='ocrx_word' id='word_1_144' title='bbox 763 2129 833 2204; x_wconf 91' lang='lat' dir='ltr'><strong>poni</strong></span> <span class='ocrx_word' id='word_1_145' title='bbox 857 2147 978 2187; x_wconf 86' lang='lat' dir='ltr'><strong>manum</strong></span> <span class='ocrx_word' id='word_1_146' title='bbox 1003 2128 1111 2188; x_wconf 83' lang='lat' dir='ltr'><strong>obre·</strong></span> 
     </span>
    </p>

    <p class='ocr_par' dir='ltr' id='par_1_7' title="bbox 118 2212 1116 2633">
     <span class='ocr_line' id='line_1_23' title="bbox 118 2212 1112 2298; baseline -0.005 -21"><span class='ocrx_word' id='word_1_147' title='bbox 118 2278 123 2298; x_wconf 60' lang='lat'><strong>,</strong></span> <span class='ocrx_word' id='word_1_148' title='bbox 188 2213 349 2277; x_wconf 74' lang='lat' dir='ltr'><strong>verentium</strong></span> <span class='ocrx_word' id='word_1_149' title='bbox 372 2212 571 2288; x_wconf 83' lang='lat' dir='ltr'><strong>honoremque</strong></span> <span class='ocrx_word' id='word_1_150' title='bbox 591 2213 656 2274; x_wconf 84' lang='lat' dir='ltr'><strong>eius</strong></span> <span class='ocrx_word' id='word_1_151' title='bbox 674 2212 750 2290; x_wconf 90' lang='lat' dir='ltr'><strong>loci,</strong></span> <span class='ocrx_word' id='word_1_152' title='bbox 770 2212 831 2276; x_wconf 70' lang='lat' dir='ltr'><strong>‘cri</strong></span> <span class='ocrx_word' id='word_1_153' title='bbox 848 2212 927 2274; x_wconf 86' lang='lat' dir='ltr'><strong>dedit</strong></span> <span class='ocrx_word' id='word_1_154' title='bbox 948 2222 1051 2272; x_wconf 84' lang='lat' dir='ltr'><strong>natura</strong></span> <span class='ocrx_word' id='word_1_155' title='bbox 1072 2214 1112 2272; x_wconf 83' lang='lat' dir='ltr'><strong>si·</strong></span> 
     </span>
     <span class='ocr_line' id='line_1_24' title="bbox 188 2297 1116 2377; baseline -0.003 -16"><span class='ocrx_word' id='word_1_156' title='bbox 188 2310 237 2362; x_wconf 80' lang='lat' dir='ltr'><strong>ortt</strong></span> <span class='ocrx_word' id='word_1_157' title='bbox 270 2299 438 2377; x_wconf 69' lang='lat' dir='ltr'><strong>dignitatern</strong></span> <span class='ocrx_word' id='word_1_158' title='bbox 474 2299 619 2375; x_wconf 86' lang='lat' dir='ltr'><strong>propriam</strong></span> <span class='ocrx_word' id='word_1_159' title='bbox 650 2298 845 2359; x_wconf 75' lang='lat' dir='ltr'><strong>immutabiles</strong></span> <span class='ocrx_word' id='word_1_160' title='bbox 880 2297 1116 2374; x_wconf 82' lang='lat' dir='ltr'><strong>inflexibilesrpre</strong></span> 
     </span>
     <span class='ocr_line' id='line_1_25' title="bbox 189 2381 1113 2463; baseline -0.004 -17"><span class='ocrx_word' id='word_1_161' title='bbox 189 2385 319 2463; x_wconf 47' lang='lat' dir='ltr'><strong>speciem</strong></span> <span class='ocrx_word' id='word_1_162' title='bbox 345 2386 398 2460; x_wconf 89' lang='lat' dir='ltr'><strong>qni</strong></span> <span class='ocrx_word' id='word_1_163' title='bbox 414 2383 516 2446; x_wconf 86' lang='lat' dir='ltr'><strong>itidem</strong></span> <span class='ocrx_word' id='word_1_164' title='bbox 533 2403 567 2444; x_wconf 87' lang='lat' dir='ltr'><strong>ac</strong></span> <span class='ocrx_word' id='word_1_165' title='bbox 584 2383 716 2448; x_wconf 80' lang='lat' dir='ltr'><strong>similiter</strong></span> <span class='ocrx_word' id='word_1_166' title='bbox 737 2381 825 2444; x_wconf 78' lang='lat' dir='ltr'><strong>hebet</strong></span> <span class='ocrx_word' id='word_1_167' title='bbox 840 2381 978 2462; x_wconf 80' lang='lat' dir='ltr'><strong>fluxum,</strong></span> <span class='ocrx_word' id='word_1_168' title='bbox 1005 2403 1064 2442; x_wconf 86' lang='lat' dir='ltr'><strong>nou</strong></span> <span class='ocrx_word' id='word_1_169' title='bbox 1080 2391 1113 2442; x_wconf 91' lang='lat' dir='ltr'><strong>ut</strong></span> 
     </span>
     <span class='ocr_line' id='line_1_26' title="bbox 188 2469 1113 2548; baseline -0.004 -16"><span class='ocrx_word' id='word_1_170' title='bbox 188 2470 297 2532; x_wconf 83' lang='lat' dir='ltr'><strong>dixerit</strong></span> <span class='ocrx_word' id='word_1_171' title='bbox 325 2471 486 2548; x_wconf 75' lang='lat' dir='ltr'><strong>quispiam,</strong></span> <span class='ocrx_word' id='word_1_172' title='bbox 517 2487 607 2545; x_wconf 89' lang='lat' dir='ltr'><strong>panca</strong></span> <span class='ocrx_word' id='word_1_173' title='bbox 631 2471 787 2546; x_wconf 83' lang='lat' dir='ltr'><strong>receperit,</strong></span> <span class='ocrx_word' id='word_1_174' title='bbox 817 2469 869 2530; x_wconf 85' lang='lat' dir='ltr'><strong>sed</strong></span> <span class='ocrx_word' id='word_1_175' title='bbox 893 2477 926 2528; x_wconf 85' lang='lat' dir='ltr'><strong>nt</strong></span> <span class='ocrx_word' id='word_1_176' title='bbox 947 2478 1113 2543; x_wconf 85' lang='lat' dir='ltr'><strong>permaneat</strong></span> 
     </span>
     <span class='ocr_line' id='line_1_27' title="bbox 189 2551 1111 2633; baseline -0.007 -15"><span class='ocrx_word' id='word_1_177' title='bbox 189 2565 220 2618; x_wconf 87' lang='lat' dir='ltr'><strong>et</strong></span> <span class='ocrx_word' id='word_1_178' title='bbox 238 2555 303 2633; x_wconf 80' lang='lat' dir='ltr'><strong>ipse</strong></span> <span class='ocrx_word' id='word_1_179' title='bbox 320 2555 383 2616; x_wconf 83' lang='lat' dir='ltr'><strong>sine</strong></span> <span class='ocrx_word' id='word_1_180' title='bbox 402 2555 562 2616; x_wconf 87' lang='lat' dir='ltr'><strong>mutatione</strong></span> <span class='ocrx_word' id='word_1_181' title='bbox 584 2553 792 2632; x_wconf 82' lang='lat' dir='ltr'><strong>mendacioque</strong></span> <span class='ocrx_word' id='word_1_182' title='bbox 807 2555 839 2613; x_wconf 92' lang='lat' dir='ltr'><strong>in</strong></span> <span class='ocrx_word' id='word_1_183' title='bbox 862 2551 1111 2628; x_wconf 78' lang='lat' dir='ltr'><strong>promissionibus.</strong></span> 
     </span>
    </p>
   </div>
   <div class='ocr_carea' id='block_1_4' title="bbox 107 2698 1160 3314">
    <p class='ocr_par' dir='ltr' id='par_1_8' title="bbox 107 2698 1160 3314">
     <span class='ocr_line' id='line_1_28' title="bbox 193 2698 1160 2784; baseline -0.009 -12"><span class='ocrx_word' id='word_1_184' title='bbox 193 2707 256 2772; x_wconf 72' lang='lat' dir='ltr'><strong>Gur</strong></span> <span class='ocrx_word' id='word_1_185' title='bbox 285 2729 351 2768; x_wconf 80' lang='lat' dir='ltr'><strong>erun</strong></span> <span class='ocrx_word' id='word_1_186' title='bbox 377 2702 499 2770; x_wconf 67' lang='lat' dir='ltr'><strong>odinum</strong></span> <span class='ocrx_word' id='word_1_187' title='bbox 514 2727 573 2782; x_wconf 83' lang='lat' dir='ltr'><strong>per</strong></span> <span class='ocrx_word' id='word_1_188' title='bbox 599 2703 728 2778; x_wconf 80' lang='lat' dir='ltr'><strong>coelom,</strong></span> <span class='ocrx_word' id='word_1_189' title='bbox 758 2698 870 2780; x_wconf 76' lang='lat' dir='ltr'><strong>duplici</strong></span> <span class='ocrx_word' id='word_1_190' title='bbox 895 2703 1044 2762; x_wconf 82' lang='lat' dir='ltr'><strong>cooutiouc</strong></span> <span class='ocrx_word' id='word_1_191' title='bbox 1063 2722 1112 2764; x_wconf 81' lang='lat' dir='ltr'><strong>eu·</strong></span> <span class='ocrx_word' id='word_1_192' title='bbox 1157 2777 1160 2784; x_wconf 25' lang='grc' dir='ltr'><strong><em>Ι</em></strong></span> 
     </span>
     <span class='ocr_line' id='line_1_29' title="bbox 227 2783 1112 2872; baseline -0.003 -19"><span class='ocrx_word' id='word_1_193' title='bbox 227 2787 410 2872; x_wconf 71' lang='lat' dir='ltr'><strong>peradditu3</strong></span> <span class='ocrx_word' id='word_1_194' title='bbox 432 2805 459 2852; x_wconf 85' lang='lat' dir='ltr'><strong>et</strong></span> <span class='ocrx_word' id='word_1_195' title='bbox 472 2813 530 2868; x_wconf 82' lang='lat' dir='ltr'><strong>por</strong></span> <span class='ocrx_word' id='word_1_196' title='bbox 545 2805 663 2868; x_wconf 71' lang='lat' dir='ltr'><strong>muru,</strong></span> <span class='ocrx_word' id='word_1_197' title='bbox 684 2789 780 2850; x_wconf 72' lang='grc' dir='ltr'><em>αἰωνιι</em></span> <span class='ocrx_word' id='word_1_198' title='bbox 800 2787 906 2861; x_wconf 83' lang='lat' dir='ltr'><strong>(solo).·</strong></span> <span class='ocrx_word' id='word_1_199' title='bbox 929 2783 1000 2847; x_wconf 80' lang='lat' dir='ltr'><strong>dicit</strong></span> <span class='ocrx_word' id='word_1_200' title='bbox 1019 2790 1112 2850; x_wconf 68' lang='lat' dir='ltr'><strong>enims</strong></span> 
     </span>
     <span class='ocr_line' id='line_1_30' title="bbox 177 2869 1113 2953; baseline -0.009 -11"><span class='ocrx_word' id='word_1_201' title='bbox 177 2913 180 2921; x_wconf 89' lang='lat'>·</span> <span class='ocrx_word' id='word_1_202' title='bbox 232 2875 357 2942; x_wconf 78' lang='lat' dir='ltr'><strong>Adiuro</strong></span> <span class='ocrx_word' id='word_1_203' title='bbox 385 2871 876 2953; x_wconf 73' lang='lat' dir='ltr'><strong>teperdomc&#39;muuclemcucli,</strong></span> <span class='ocrx_word' id='word_1_204' title='bbox 903 2869 1113 2934; x_wconf 57' lang='lat' dir='ltr'><strong>eremus·</strong></span> 
     </span>
     <span class='ocr_line' id='line_1_31' title="bbox 107 2959 378 3045; baseline -0.011 -20"><span class='ocrx_word' id='word_1_205' title='bbox 107 2959 114 2980; x_wconf 73' lang='lat'><em>⁴</em></span> <span class='ocrx_word' id='word_1_206' title='bbox 232 2983 286 3024; x_wconf 81' lang='lat' dir='ltr'><strong>rue</strong></span> <span class='ocrx_word' id='word_1_207' title='bbox 300 2959 378 3045; x_wconf 75' lang='lat'><strong>**)?</strong></span> 
     </span>
     <span class='ocr_line' id='line_1_32' title="bbox 276 3057 1112 3138; baseline -0.01 -12"><span class='ocrx_word' id='word_1_208' title='bbox 276 3066 302 3137; x_wconf 71' lang='lat' dir='ltr'><strong>i.</strong></span> <span class='ocrx_word' id='word_1_209' title='bbox 325 3069 379 3132; x_wconf 77' lang='lat'><strong>87,</strong></span> <span class='ocrx_word' id='word_1_210' title='bbox 421 3061 527 3124; x_wconf 87' lang='lat' dir='ltr'><strong>Mundi</strong></span> <span class='ocrx_word' id='word_1_211' title='bbox 543 3061 673 3138; x_wconf 74' lang='lat' dir='ltr'><strong>‘partium</strong></span> <span class='ocrx_word' id='word_1_212' title='bbox 691 3061 799 3137; x_wconf 87' lang='lat' dir='ltr'><strong>optima</strong></span> <span class='ocrx_word' id='word_1_213' title='bbox 823 3069 868 3120; x_wconf 83' lang='lat' dir='ltr'><strong>est</strong></span> <span class='ocrx_word' id='word_1_214' title='bbox 887 3057 1019 3136; x_wconf 87' lang='lat' dir='ltr'><strong>caelum,</strong></span> <span class='ocrx_word' id='word_1_215' title='bbox 1040 3077 1112 3133; x_wconf 80' lang='lat' dir='ltr'><strong>qne·</strong></span> 
     </span>
     <span class='ocr_line' id='line_1_33' title="bbox 173 3143 1113 3228; baseline -0.01 -18"><span class='ocrx_word' id='word_1_216' title='bbox 173 3153 307 3228; x_wconf 87' lang='lat' dir='ltr'><strong>&#39;propter</strong></span> <span class='ocrx_word' id='word_1_217' title='bbox 326 3149 505 3224; x_wconf 85' lang='lat' dir='ltr'><strong>superiorem</strong></span> <span class='ocrx_word' id='word_1_218' title='bbox 525 3157 637 3223; x_wconf 89' lang='lat' dir='ltr'><strong>partem</strong></span> <span class='ocrx_word' id='word_1_219' title='bbox 658 3147 790 3206; x_wconf 79' lang='lat' dir='ltr'><strong>sortitum</strong></span> <span class='ocrx_word' id='word_1_220' title='bbox 808 3155 873 3220; x_wconf 83' lang='lat' dir='ltr'><strong>est,</strong></span> <span class='ocrx_word' id='word_1_221' title='bbox 901 3165 942 3206; x_wconf 89' lang='lat' dir='ltr'><strong>ex</strong></span> <span class='ocrx_word' id='word_1_222' title='bbox 961 3143 1113 3220; x_wconf 85' lang='lat' dir='ltr'><strong>purissima</strong></span> 
     </span>
     <span class='ocr_line' id='line_1_34' title="bbox 191 3230 1113 3314; baseline -0.007 -18"><span class='ocrx_word' id='word_1_223' title='bbox 191 3242 326 3296; x_wconf 75' lang='lat' dir='ltr'><strong>constane</strong></span> <span class='ocrx_word' id='word_1_224' title='bbox 347 3233 491 3314; x_wconf 73' lang='lat' dir='ltr'><strong>essentia,</strong></span> <span class='ocrx_word' id='word_1_225' title='bbox 520 3231 616 3293; x_wconf 77' lang='lat' dir='ltr'><strong>stellis</strong></span> <span class='ocrx_word' id='word_1_226' title='bbox 641 3230 748 3310; x_wconf 73' lang='lat' dir='ltr'><strong>plene3</strong></span> <span class='ocrx_word' id='word_1_227' title='bbox 777 3251 901 3310; x_wconf 86' lang='lat' dir='ltr'><strong>quarum</strong></span> <span class='ocrx_word' id='word_1_228' title='bbox 923 3247 1113 3307; x_wconf 77' lang='lat' dir='ltr'><strong>nueqrmeque</strong></span> 
     </span>
    </p>
   </div>
   <div class='ocr_carea' id='block_1_5' title="bbox 242 3411 776 3480">
    <p class='ocr_par' dir='ltr' id='par_1_9' title="bbox 242 3411 776 3480">
     <span class='ocr_line' id='line_1_35' title="bbox 242 3411 776 3480; baseline -0.004 -8"><span class='ocrx_word' id='word_1_229' title='bbox 242 3415 489 3480; x_wconf 62' lang='lat' dir='ltr'><strong>‘totamm-</strong></span> <span class='ocrx_word' id='word_1_230' title='bbox 557 3411 776 3478; x_wconf 44' lang='lat' dir='ltr'><strong>*Quidni-</strong></span> 
     </span>
    </p>
   </div>
   <div class='ocr_carea' id='block_1_6' title="bbox 0 0 1226 3820">
    <p class='ocr_par' dir='ltr' id='par_1_10' title="bbox 0 0 1226 3820">
     <span class='ocr_line' id='line_1_36' title="bbox 0 0 1226 3820; baseline 0 0"><span class='ocrx_word' id='word_1_231' title='bbox 0 0 1226 3820; x_wconf 95' lang='lat' dir='ltr'><strong> </strong></span> 
     </span>
    </p>
   </div>
  </div>
 </body>
</html>
