2432 3826
88 219 310 336 rurumrun
333 245 465 310 onus.
487 245 548 308 nn
568 187 728 330 louis.
752 243 1011 312 aa-srmr
1009 283 1023 292 -

89 435 182 488 aanor
204 415 253 476 dat
271 417 368 476 locum
389 426 520 488 tantum,
541 425 610 490 puta
631 436 684 510 per
698 417 841 517 'virtutem
861 413 1011 476 humanis·

89 505 181 564 sinnas
201 503 265 561 eins
285 501 487 578 benignitatis3
519 503 626 576 qrrippe
656 503 707 576 qui
734 500 922 562 vehementer
942 519 1012 580 erge

86 587 291 663 delinquentes
311 586 517 662 supplicatione
538 585 677 662 placetur.
761 649 764 654 ,

176 760 198 830 i.
223 763 274 818 36.
318 755 453 836 Quodsi
481 755 582 816 nullus
611 758 641 816 iu
664 756 823 816 orationem
843 775 947 816 manus
967 755 1011 816 le·

89 861 162 903 vare
182 842 286 913 audet,
308 841 414 902 desua
432 843 492 900 vita
514 842 705 918 mrrhewens,
726 842 821 916 ipsum
843 839 1012 916 prophetam

89 927 307 988 intercessorem
329 948 381 1002 pro
402 927 485 990 uobis
506 925 571 986 fleri
591 926 768 984 studeamus.
811 921 950 984 Dicamus
970 925 1011 1002 ei,

89 1013 143 1088 qui
157 1011 350 1086 praedicarit:
381 1007 414 1070 Si
430 1009 477 1070 dei
491 1030 593 1070 servus
608 1031 658 1086 es,
685 1011 722 1068 da
737 1010 819 1068 uobis
838 1011 869 1068 iu
887 1029 955 1068 mu·
976 1023 1054 1075 M.

89 1105 173 1156 tuum
193 1105 275 1156 tuam
294 1115 396 1155 vocem
417 1105 446 1155 et
465 1094 615 1154 liberalem
634 1095 801 1168 invidiaque
821 1104 965 1154 carentem
987 1099 1051 1158 600

89 1178 271 1258 prophetiam
300 1192 379 1238 tuam
400 1181 507 1238 cunum
529 1177 666 1238 ostende:
699 1181 772 1238 sicut
799 1180 938 1254 particeps
965 1197 1012 1238 re·

87 1276 189 1342 pertus
215 1267 443 1339 noeumane,
475 1283 610 1340 precare,
639 1277 671 1325 ut
691 1285 747 1324 nos
767 1275 863 1324 tecum
882 1283 1013 1322 commu·

90 1353 220 1412 anantes
240 1350 406 1426 salvemnr3
428 1351 528 1410 civitas
549 1359 663 1425 autern,
693 1361 720 1408 te
742 1351 893 1426 ingresso,
914 1351 1014 1408 incon-

88 1445 206 1511 sumpta
222 1436 551 1509 illaesaquoeremnneat.
595 1433 666 1494 Esto
685 1436 792 1494 civitati
812 1445 927 1496 nostrae
948 1453 1013 1494 ruu-

90 1541 141 1582 rus
171 1530 200 1580 et
229 1521 340 1580 ciuibus
360 1539 440 1588 arma
468 1520 579 1580 saltatis.
621 1517 678 1579 His
699 1521 781 1579 dictis
806 1520 945 1596 populum
967 1519 1012 1578 di·

74 1607 218 1680 miaere3
250 1615 279 1664 et
299 1605 407 1680 singuli
432 1623 516 1664 crrrsu
542 1607 574 1664 in
594 1605 713 1664 domurn
734 1608 797 1664 eius
817 1607 912 1680 iacto,
942 1623 1013 1666 ese

66 1767 68 1770 ι
90 1691 163 1766 ipsis
191 1690 377 1751 demittebant
402 1690 585 1767 dignitatem:
616 1699 678 1750 erat
698 1700 795 1750 autem
814 1693 886 1751 ratio
907 1689 1013 1750 demis·

5 1803 7 1834 ι
91 1776 182 1840 aionis
202 1773 380 1836 huiusmodi.

179 1967 203 2037 i·
226 1972 277 2028 37.
327 1961 397 2025 Rex
426 1963 556 2042 regalem
581 1983 737 2042 purpuram
764 1984 830 2024 eum
857 1962 961 2024 throno
980 1963 1014 2023 in

91 2068 206 2112 nouum
226 2051 375 2126 vertebat3
407 2051 499 2110 iudex
525 2053 640 2128 siguum
661 2050 739 2127 quod
760 2051 903 2110 iudicabat
932 2059 1014 2125 pote·

92 2145 207 2210 narem,
228 2135 408 2212 deponebat3
431 2136 565 2196 dominus
584 2135 714 2196 libertate
730 2136 853 2196 donabat
873 2154 1013 2211 seruum
1064 2139 1072 2150 '

91 2239 187 2281 senex
216 2224 311 2280 (inere
333 2221 491 2298 ‘spargebat
510 2241 611 2295 canos,
642 2241 715 2280 anus
736 2224 829 2280 crines
850 2221 1012 2296 evelleba13
1086 2239 1089 2244 ·

91 2305 304 2366 dissolvebatur
330 2306 367 2364 de
388 2305 460 2364 cella
480 2305 625 2365 thalamus
651 2317 680 2366 et
700 2306 845 2380 nuptiales
865 2304 1014 2380 lampades

90 2389 227 2465 facesque
261 2391 519 2466 exstinguebantur
549 2401 636 2465 atque
664 2390 793 2466 plauctus
827 2390 1013 2464 ululatusque

91 2495 145 2550 pro
174 2477 290 2534 nauticis
320 2475 527 2534 audiebanturr
557 2478 685 2552 virgines
714 2475 910 2550 imperfectam
931 2494 1013 2550 spem
1060 2523 1066 2542 ,

90 2559 324 2624 lamentabantur
356 2569 385 2618 et
410 2561 532 2618 iuvenes
563 2557 720 2620 inadultam
753 2572 893 2636 aetatem3
930 2557 1014 2636 pueri

90 2653 198 2704 satem
217 2646 345 2721 vagienti
371 2663 442 2704 voce
471 2656 592 2706 mortem
619 2647 673 2705 vix
700 2649 770 2722 ipsis
797 2644 1013 2722 intelligendam

47 2795 51 2798 ,
92 2729 255 2805 (plorantes
275 2729 330 2789 sibi
343 2731 574 2806 prospiciebant)
619 2728 768 2790 Canticum
787 2751 857 2788 vero
878 2729 1015 2788 hocerat

90 2808 225 2891 planctus
245 2835 365 2875 eornm.
391 2815 466 2900 (luis
484 2814 562 2876 unde
581 2821 654 2877 seint
664 2859 673 2889 ,
687 2819 778 2897 forre
793 2811 929 2890 precihus
944 2813 1015 2889 plce-

90 2914 174 2966 eetua·
198 2897 302 2972 deusest
346 2895 477 2963 Tantam
502 2914 597 2962 autem
621 2901 850 2960 humiliationem
872 2901 1015 2960 animum·

91 3005 151 3060 que
172 2987 360 3060 compositum
385 2987 545 3046 secuudum
566 2989 735 3062 scripturam
755 2987 852 3046 vestiti
872 2993 955 3058 suut,
982 2991 1016 3046 ut

16 3057 23 3074 '
90 3069 217 3146 pecudes
238 3091 354 3146 quinque
376 3091 476 3130 eorum
498 3071 630 3145 precihus
652 3081 785 3131 vacantes
806 3091 856 3129 eos
882 3072 1016 3130 iuvarent
1106 3120 1110 3124 .

89 3175 127 3214 ae
156 3153 359 3228 defenderent,
390 3166 423 3214 ut
449 3155 590 3233 condigne
620 3155 763 3232 supplices
783 3155 900 3216 veniam
921 3171 1039 3214 mere·

88 3250 207 3300 rentur:
235 3250 322 3314 atque
351 3241 392 3298 ita
422 3241 485 3300 iure
513 3241 650 3300 animalia
671 3243 777 3301 etiam-
787 3251 900 3300 servata
921 3240 1014 3300 fuere.
1039 3308 1041 3312 ¹

89 3323 238 3404 Quamvis
255 3327 333 3384 euim
345 3322 539 3384 humanorum
560 3327 731 3390 dilectorum
749 3326 828 3392 harad
848 3336 930 3386 erant
949 3341 1016 3401 par·

87 3411 208 3488 tioipes,
230 3430 322 3487 quum
341 3429 401 3469 uon
420 3407 562 3472 haberent
580 3412 752 3474 rationalem
773 3413 945 3487 sapientiam
964 3428 1018 3468 ne·

21 3579 22 3582 Ἴ
123 3509 415 3562 mutauerat.
765 3493 822 3558 Ll
