2418 3812
150 205 219 277 133
232 185 771 294 rmnffmnonnnsrffmo'nu
781 175 880 286 333
890 213 990 304 1333.
999 217 1073 274 ror.
1093 179 1102 186 ’
1201 151 1202 158 ¹

155 355 256 468 Quaere
281 393 394 440 33333113
420 375 553 440 Rebecca
573 373 688 442 erclearo
701 379 794 441 Esau
809 361 967 458 pulcram,
997 402 1075 462 qmoe

129 527 138 570 3
185 481 257 528 erat
277 465 361 542 epod
378 487 442 525 eene
462 463 555 541 domi,
577 464 673 526 induit
693 465 857 533 13331111Ι
947 495 951 500 -
1016 471 1029 486 “
1137 462 1144 466 “

241 571 263 640 1.
289 575 363 629 103.
407 566 520 628 Littera
542 569 662 628 evidens
683 570 757 628 331
748 570 948 646 insignisque,
969 578 1002 628 31
1023 589 1075 646 per

151 665 249 732 togam
269 654 331 728 ipse
361 661 525 728 putaretur,
553 655 638 729 quasi
658 653 786 728 adesset,
816 657 868 730 qui
889 656 1014 714 aberet}
1037 653 1075 716 ad

151 749 279 812 mentem
300 759 391 815 3333,
417 739 565 812 improbus
586 739 673 797 aliam
694 737 781 798 habet
801 749 899 816 togam
919 748 1074 816 vestesque
1107 751 1111 756 “
1200 737 1202 794 l

151 823 274 897 multas,
296 823 401 899 quibua
417 843 449 882 33
464 825 599 900 contegit,
619 843 687 882 nam
703 824 841 884 subdolus
855 825 973 884 molitur
982 818 1080 884 multa
1201 821 1202 828 '

149 909 267 968 iniusta.
289 906 388 967 Habet
404 909 490 968 etiarn
500 926 588 967 unam
603 921 700 986 togam
716 910 820 984 oppido
835 910 984 986 pulcram3
1007 929 1075 968 333-

152 993 236 1054 sibile
250 993 383 1054 videlicet
400 1003 430 1052 et
449 994 628 1069 superficiale
644 1005 856 1070 ornamentum,
878 1005 965 1070 atque
975 993 1073 1086 illam,

152 1099 228 1156 quae
241 1079 377 1154 usquein
394 1079 483 1137 verba
497 1079 649 1154 disciplina
664 1091 708 1138 331
722 1080 950 1156 intelligentiae,
972 1100 1075 1155 quarn·
1061 1112 1077 1126 -=
1115 1152 1126 1162 ,

152 1183 210 1240 qne
228 1184 268 1224 ex
282 1163 419 1242 encycliis
439 1161 541 1224 studiis
554 1165 687 1222 nonnulli
709 1165 866 1240 possident.
910 1163 1005 1225 Nemo
1018 1165 1075 1224 fuit

152 1251 385 1323 enimumqrrern
400 1249 526 1323 perfecte
542 1249 652 1322 malus,
682 1250 734 1309 sed
749 1271 788 1309 ex
800 1251 948 1310 contrariis
964 1251 1076 1310 mixtus
1100 1282 1108 1288 -

125 1330 216 1411 1331,
246 1335 322 1394 iusto
350 1344 379 1392 et
402 1335 525 1407 iniusto,
553 1336 629 1408 turpi
652 1343 681 1392 et
699 1335 817 1408 pulcro,
848 1345 935 1409 atque
957 1337 1079 1394 331333,

153 1420 209 1480 aim
235 1439 276 1478 ex
300 1419 377 1477 bono
401 1427 431 1478 et
454 1419 541 1478 33313.
595 1417 686 1478 Porro
707 1421 812 1493 optime
837 1419 912 1478 dixit
935 1417 1075 1494 Epichan

152 1499 297 1586 3333**)3
311 1501 506 1584 Quicumque,
528 1503 578 1580 ait,
600 1505 696 1563 minua
718 1503 877 1579 delinquit,
899 1501 1023 1579 optimus
1037 1510 1117 1570 M.
1201 1491 1202 1522 ³

45 1597 49 1604 '
152 1600 197 1654 331
209 1590 272 1670 riri
303 1609 388 1652 nemo
401 1599 445 1650 331
460 1592 539 1650 enim
557 1591 714 1667 13333333,
736 1609 823 1650 nemo
840 1588 1038 1666 333331333ὲί3-
1048 1587 1113 1650 407

152 1679 199 1739 313
225 1697 343 1754 expers.
386 1673 426 1738 Et
450 1673 622 1752 Euripiden:
646 1675 707 1756 Qui
727 1678 937 1740 incontinentes
957 1684 1075 1737 suntet

152 1763 294 1826 1313333131
314 1765 345 1824 13
369 1756 545 1824 3133331333
565 1763 731 1823 inimicitiae
752 1774 781 1823 31
799 1764 971 1840 iniustitiae,
1004 1761 1075 1822 mali

144 1845 240 1912 333313
278 1849 439 1926 inquibus
466 1860 564 1909 autem
595 1852 724 1925 opposita
750 1849 936 1924 praevalent,
967 1849 1074 1908 virtute
1122 1888 1126 1892 -
1201 1889 1202 1892 =

152 1935 290 2012 praediti:
312 1935 344 1992 in
361 1931 426 1994 aliis
438 1954 508 2020 vero
522 1937 573 2010 ita,
596 1935 679 2036 qpasi
697 1933 1073 2032 3333113311333333131135

152 2022 193 2080 ita
211 2029 245 2079 31
267 2018 341 2096 nulli
366 2019 444 2096 sint,
475 2015 527 2093 qui
551 2021 648 2078 omnia
675 2017 752 2076 33313
777 2015 902 2076 habeant
928 2016 1078 2076 31333113
1201 2089 1202 2096 3

73 2147 79 2158 .
151 2105 239 2164 hono
1201 2099 1202 2178 1

127 2269 131 2275 1
156 2189 219 2250 Gor
242 2185 335 2265 pelles
361 2183 521 2250 haedorum
550 2209 637 2306 seper
666 2127 786 2250 hrorldd
814 2201 841 2247 31
860 2183 1074 2262 supercollocari
1123 2217 1127 2221 ·
1201 2183 1202 2252 1

195 2277 409 2352 impacatam
1201 2279 1202 2284 ’

239 2375 1075 2459 1104.1111333333311331333131313111113,31
1142 2403 1173 2417 -·

59 2515 65 2526 ,
87 2507 91 2513 -
152 2483 258 2540 nempe
273 2464 474 2541 ignoraretur,
496 2483 534 2523 ne
547 2463 802 2540 comprehenderet
816 2485 884 2524 eum
906 2473 1009 2540 pater3
1031 2471 1075 2520 31-
1112 2531 1114 2535 ,

152 2569 212 2626 que
236 2549 277 2610 313
300 2567 438 2624 praesens
459 2559 609 2623 putaretur
627 2569 687 2608 non
704 2549 774 2624 ille,
806 2551 856 2628 qui
876 2549 993 2621 aderat,
1021 2544 1074 2606 3331
1201 2599 1202 2604 ,

108 2688 112 2698 ,
152 2635 243 2695 frater
278 2635 341 2694 eins
363 2633 489 2710 absene3
518 2643 667 2709 propterea
694 2635 881 2710 imponuntur
902 2631 1025 2692 brachiis
1044 2639 1074 2693 31
1118 2675 1122 2680 -
1201 2633 1202 2636 ’

135 2715 732 2794 Χ3331113113311113333133333311133133,
781 2721 850 2794 qnia
872 2720 981 2794 pilosus
1010 2719 1073 2792 ipae
1150 2728 1154 2736 '

152 2816 225 2865 erat.
267 2799 322 2864 Ad
338 2814 464 2862 mentem
482 2823 573 2876 vero,
595 2805 663 2879 quia
682 2801 797 2862 brachia
814 2803 986 2878 humerique
1001 2803 1074 2860 31333

121 2913 124 2922 *¹
152 2890 277 2965 collum,
308 2890 416 2948 33333113
439 2887 590 2948 hominum
609 2889 747 2948 membris
770 2890 930 2948 robustiora
953 2896 1021 2947 33331
1045 2895 1074 2946 31
1110 2937 1124 2947 .

98 2983 113 3034 ,“
150 2975 209 3036 'ate
231 2973 368 3050 levigata.
410 2971 543 3040 Nitidum
568 2983 597 3033 et
614 2973 728 3032 nudum
753 2993 785 3033 33
811 2972 899 3033 habet
917 2971 1075 3072 aequaliter

153 3058 192 3119 ad
220 3060 372 3119 veritatem
395 3059 501 3118 virtute
527 3059 647 3134 valens,
677 3069 710 3116 ut
735 3068 843 3118 ceteras
864 3061 986 3118 virtutes
992 3099 1002 3130 ,
1034 3057 1075 3116 313
1168 3110 1176 3117 ,

153 3145 241 3204 etiem
254 3143 452 3212 fortitudinem
464 3152 560 3206 333313
579 3163 723 3218 usurpans
736 3163 942 3221 exercereque.
986 3139 1080 3222 Quod

158 3251 358 3275 n--ae-a--u

42 3351 49 3357 .
174 3309 349 3378 Ι’1113333
376 3309 425 3371 27,
451 3308 496 3362 11.
565 3259 680 3368 *lilla
708 3314 742 3364 D.
768 3311 952 3376 Epimethea.
986 3310 1074 3363 Aeol.

6 3421 7 3430 ,
154 3376 210 3442 1“>
228 3381 386 3442 11333321,
404 3380 448 3432 16.
