2432 3826
183 219 251 290 tol
291 215 412 290 emm
432 223 518 300 ino.
541 194 674 288 onai.
703 181 762 288 nu
789 223 901 289 mus
924 225 956 308 o.
977 226 1030 290 rs.
1053 231 1107 292 ao.

115 402 120 410 ”
182 397 302 457 moueri
331 414 430 470 exque
448 415 514 454 meo
541 395 691 471 opprobrio
714 406 860 456 assecutus
887 395 1106 458 osbermenil

185 479 242 540 Ad
256 480 311 539 hoc
329 483 398 539 scito
420 481 521 539 referri
530 481 694 553 ,dictionem
705 492 794 540 tuam.
837 479 903 558 Ego
917 483 970 542 tibi
987 501 1106 557 persua·

103 581 106 594 ¹
185 565 281 640 debe,
320 564 514 639 opropbeta‚
557 565 740 640 quodetiam
759 567 957 640 ‘periclitantes
980 567 1105 642 salvavi,

184 648 256 708 baec
276 651 354 708 euim
376 659 436 708 erat
457 669 522 710 mea
548 651 704 726 voluntas;
735 660 765 708 et
787 661 837 708 tuo
858 652 967 725 pudore
990 653 1027 712 ad
1049 651 1105 712 hoe

183 731 391 810 perficiendum
418 755 476 792 non
499 755 563 792 sum
584 754 663 792 usus.
714 731 874 810 Agedum,
905 737 1003 812 relege
1024 747 1104 796 trram

151 859 157 864 -
183 819 444 896 praedicationem
482 817 556 878 banc
585 821 661 878 enim
685 818 885 899 demonstrabo
911 821 969 880 tibi
984 821 1104 882 minime

182 903 293 962 laesam
304 905 404 964 luisse.
447 901 561 962 Adhuc
573 917 631 962 tres
647 901 707 962 dies
721 904 861 963 etNinioe
878 901 1103 988 edomant).

184 985 290 1048 Nonne
310 987 365 1047 hoc
385 998 444 1062 est,
476 989 554 1064 qnod
581 989 770 1064 praedicasti?
808 987 840 1048 Si
864 992 953 1065 igitur
972 1011 1030 1048 non
1059 999 1105 1050 est
1214 1003 1215 1020 ¹

6 1065 10 1073 ”
104 1147 112 1153 .
184 1073 321 1132 subversa
337 1093 432 1148 neque
450 1083 558 1132 mutata
576 1075 612 1132 ab
626 1075 767 1148 improbis
780 1075 910 1133 moribus
928 1077 958 1132 iu
972 1075 1104 1149 meliora,

181 1166 296 1218 tantum
314 1179 376 1234 ego
394 1168 444 1216 tua
467 1169 545 1220 usus
564 1179 629 1216 sum
649 1159 874 1234 praedicatione,
906 1169 1047 1234 qrtantum
1070 1167 1104 1218 tu

182 1259 285 1301 revera
310 1243 415 1301 falsum
437 1243 545 1301 dixisse
559 1247 720 1316 compertus
735 1263 777 1302 es.
821 1241 875 1302 Sin
890 1263 960 1302 vero
978 1260 1038 1302 tam
1052 1253 1105 1304 ma

183 1327 355 1402 praedicatio
380 1327 598 1385 subversionem
619 1326 812 1402 significabat,
844 1347 933 1402 quam
956 1329 1104 1403 praediea·

182 1413 262 1470 tione
282 1411 418 1469 admoniti
434 1411 649 1469 subversionem
672 1409 740 1488 (ceu
756 1413 986 1483 conversionem>
1007 1431 1105 1472 eramo

134 1509 137 1514 “
184 1515 272 1570 pere,
303 1494 448 1569 quomodo
470 1513 681 1568 supervacaneo
703 1494 801 1552 dolore
821 1488 961 1570 afficeris,
987 1497 1104 1570 praedi-

183 1581 294 1638 catione
310 1579 457 1654 perlecta?
480 1577 526 1637 At
541 1579 661 1654 civitas,
683 1579 723 1636 ait
731 1620 742 1653 ,
763 1578 881 1638 illorum
893 1601 949 1638 non
964 1581 1105 1642 subversa

90 1729 93 1733 ,
183 1674 227 1723 est
246 1683 300 1723 nec
317 1663 419 1722 domus
436 1680 491 1722 uec
505 1665 590 1723 muri.
640 1659 867 1723 Verumtamen
881 1683 930 1724 cor
947 1675 976 1724 et
992 1685 1056 1725 moe
1072 1667 1104 1726 in

182 1747 319 1824 pietatem
338 1769 424 1808 versa
450 1760 534 1821 sunt,
562 1769 654 1824 eaque
671 1765 747 1824 quae
766 1749 920 1812 evertenda
945 1757 1148 1824 eraut,1³.A.
1181 1739 1185 1748 ¹
1214 1805 1215 1856 1

117 1866 121 1872 -
183 1831 295 1893 firmata
311 1843 398 1910 sunt3
428 1835 584 1892 nonenim
604 1835 684 1892 saxis
706 1844 735 1896 et
751 1833 889 1894 aedificiis
904 1835 1066 1895 evertendis
1081 1835 1144 1899 608

182 1917 309 1994 indigeo.
353 1917 433 1998 eria
447 1919 596 1978 subversio
616 1921 737 1976 istorum
744 1920 787 1990 **)
807 1919 918 1977 facilem
934 1919 1020 1978 habet
1035 1939 1102 1978 mu-

182 2004 339 2076 tationem,
361 2017 451 2078 quum
469 2004 523 2060 ista
539 2003 575 2060 ab
592 2003 773 2060 inimicorum
789 2005 875 2060 etiam
890 2013 918 2061 ct
931 2004 1103 2064 bellantium

151 2143 154 2148 .
182 2088 271 2146 armis
285 2089 410 2162 superati
419 2087 582 2144 concidunt:
606 2085 712 2143 amalo
724 2105 794 2144 voro
808 2089 935 2146 animam
950 2090 981 2146 in
997 2087 1102 2150 melius

182 2173 258 2232 verti
278 2172 376 2233 divina
396 2171 498 2231 dextra
515 2181 613 2230 movet
635 2180 794 2246 mutatque.

90 2427 95 2432 ¹
269 2361 292 2430 l.
316 2361 368 2419 49.
411 2351 612 2444 Sed'louassis
628 2359 695 2434 quis
708 2377 748 2418 ex
761 2353 808 2418 bis
819 2357 1036 2434 cogitationibus
1050 2377 1104 2434 per

104 2479 109 2499 ,
180 2443 271 2522 verba
299 2443 412 2502 absolvi
435 2455 521 2520 atque
550 2465 582 2504 se
603 2453 743 2504 excutere
770 2464 788 2502 a
811 2464 863 2502 suo
885 2445 1027 2519 proposito
1047 2445 1103 2512 vix

87 2585 91 2590 .
182 2527 423 2604 persuadebatur,
450 2529 625 2604 percutiebat
650 2529 784 2588 dominus
804 2527 1003 2586 umbraculum
1027 2523 1101 2603 eius,

183 2613 325 2673 denudata
339 2615 480 2673 cucurbita
494 2637 503 2690 3
520 2617 568 2676 ‚ita
587 2625 618 2674 ut
634 2614 671 2672 ad
685 2613 829 2690 planctum
846 2624 874 2672 et
888 2613 1019 2672 lacrimas
1035 2631 1102 2688 pro·

182 2696 299 2773 phetam
319 2697 498 2758 conduceret.
541 2697 622 2758 Dum
638 2719 706 2774 ergo
721 2695 922 2759 lacrimabatur
940 2697 976 2755 de
992 2697 1102 2774 planta,

183 2801 325 2858 apperens
340 2803 512 2858 responsum
533 2785 560 2842 oi
574 2783 632 2842 dat.
677 2777 783 2843 Pulcra
802 2794 846 2840 est
870 2783 920 2840 tibi
940 2782 1105 2840 cucurbitae

183 2867 280 2942 planta
288 2909 298 2942 ,
328 2865 516 2942 opropheta!
545 2864 661 2926 etmihi
678 2865 809 2948 pulcrum
831 2877 874 2925 est
891 2885 983 2942 genus
998 2855 1103 2924 bume-

168 2949 265 3012 'uum
309 2949 480 3028 Protegebat
502 2963 585 3027 caput
604 2963 686 3010 tuum
710 2953 853 3010 cucurbita
871 2951 907 3010 ab
923 2951 1022 3012 inferis
1037 2969 1102 3010 sur-
1139 2984 1143 2991 v
1214 2955 1215 2962 ’

184 3057 249 3097 sum
266 3056 395 3096 crescens
416 3047 445 3098 et
459 3057 545 3115 snpra
566 3047 707 3114 extensa3
738 3036 897 3110 adornatur
911 3037 997 3096 etiam
1012 3031 1102 3095 bomo

234 3235 261 3298 *)
279 3239 337 3287 lon.
354 3241 387 3298 3,
404 3237 431 3289 l.
500 3235 540 3294 “)
559 3235 602 3286 Sic
618 3238 697 3300 lego,
723 3245 768 3286 cut
790 3225 813 3287 si
830 3237 868 3284 vis
886 3251 1030 3300 murorum,-
1056 3231 1104 3290 ubi

183 3304 586 3430 ffifflbmmmm
605 3310 675 3366 quod
692 3305 824 3355 subvertit
841 3303 1100 3358 totamcentoniiam.
