2432 3826
96 151 219 292 aare.
239 205 327 270 run.
358 165 490 271 caer.
513 206 573 270 nn
603 157 773 290 ronna.
794 213 848 272 ro.
869 165 923 279 ao.
965 205 1032 287 toa

94 374 205 442 fauna
230 377 360 454 virtute,
397 377 434 437 ab
459 377 562 436 inferis
587 375 758 438 contrahens
785 378 900 452 pietatis
926 377 1031 456 rerba.

37 539 41 542 .
107 459 155 524 Τιι
173 481 243 520 sane
270 461 398 536 divinam
423 463 559 529 virtutem
581 462 618 520 ad
642 460 842 522 humiditatem
864 463 920 524 soli
932 463 1058 526 effice-²

105 565 168 608 cem
186 547 251 606 esse
267 547 404 622 volebas,
426 567 464 607 ne
483 547 614 610 arelacta.
625 545 810 612 etdeflorata
826 547 910 608 lieret
931 569 1033 624 cucur*

74 665 86 680 ι
105 631 182 693 bita:
215 641 244 704 ct
262 651 317 708 ego
338 652 397 690 non
422 623 556 706 parcam,
585 651 623 702 ne
645 632 751 690 animis
765 633 895 694 arefactis
913 653 1031 712 corpora

8 753 10 756 -
105 720 374 794 corrumperentur?
409 711 457 776 Tu
475 716 594 776 volebas
617 726 649 776 ut
667 717 745 774 irrita
762 727 836 776 esset
854 718 952 794 diviua
969 719 1030 778 air·
1093 761 1097 764 -

105 811 170 864 tum
199 821 301 862 venum
318 811 415 862 tamen
435 801 528 860 iudica
543 821 595 876 per
619 802 764 876 teipsum
781 803 884 860 videns
902 823 1030 864 errorem
1105 844 1108 849 -
1206 813 1207 818 ’

104 895 199 962 murm.
251 886 333 966 Quid
354 887 464 944 esttibi
482 896 560 946 tanta
577 885 614 944 ad
631 887 716 946 istam
734 885 862 960 plantam
879 891 1030 948 commise-

105 973 203 1032 ratio?
235 991 331 1030 nonne
353 972 421 1046 quia
451 970 627 1032 delectabilis
654 967 708 1028 tibi
725 982 786 1028 erat
801 970 960 1030 'umbraculi
980 993 1030 1032 cn·

105 1057 232 1118 ambitae
249 1051 436 1116 istins‘nsnsi
467 1055 512 1113 At
525 1054 663 1114 naturalis
675 1066 735 1114 erat
749 1055 884 1114 soliorum
903 1055 1029 1118 densitas

107 1151 138 1202 et
151 1143 270 1200 umbrae
293 1161 346 1214 per
367 1137 480 1198 brachia
496 1140 611 1213 plantae
629 1139 783 1215 dispositus
801 1141 873 1218 situs
884 1141 915 1198 in
928 1141 1028 1202 ordine

107 1235 169 1286 erat
183 1237 212 1288 et
232 1245 285 1300 per
305 1243 339 1284 so
362 1221 417 1282 hoc
442 1223 539 1284 fiebat.
582 1221 650 1296 Non
672 1225 749 1284 enim
764 1223 857 1284 dicere
879 1235 980 1302 potes,
1009 1245 1030 1288 o

104 1307 256 1386 propbeta,
277 1329 317 1370 ex
327 1310 384 1366 tuis
397 1308 542 1368 laboribus
554 1329 672 1386 germen
684 1310 844 1370 cucmbitae
858 1309 1028 1384 pullulasse,

106 1397 180 1470 quin
202 1395 350 1452 nocturnis
374 1395 483 1470 vigiliis
504 1396 534 1452 in
557 1394 778 1454 elaborationem
803 1392 891 1454 bitias
912 1395 1028 1472 plantae

52 1511 61 1516 -
105 1488 247 1555 parceres.
289 1477 390 1562 Nihilo
415 1481 511 1539 minus
527 1481 580 1538 vix
604 1479 710 1538 suffers
726 1480 826 1540 ridere
841 1481 964 1540 uirentis
981 1482 1027 1541 vi·

104 1567 257 1641 gentisque
271 1565 431 1623 macnrbitae
446 1565 621 1624 nuditatemr
644 1566 715 1642 qrrie·
725 1586 786 1624 nox
800 1565 890 1639 prima
904 1566 986 1641 plan·
992 1571 1070 1632 1².AE

100 1660 165 1710 ‘nm
180 1650 317 1723 produxit
335 1650 419 1721 istam
442 1659 471 1708 et
491 1669 552 1708 nox
572 1649 696 1708 rectruda
716 1652 850 1724 coeremit-
892 1649 987 1726 Atqui
1004 1654 1066 1712 609

104 1741 138 1793 ta'
163 1734 244 1794 doles
266 1753 353 1806 snper
367 1733 512 1806 plantem,
541 1753 629 1807 quam
652 1755 711 1792 non
734 1735 867 1809 plantasti
889 1755 942 1794 nec
961 1738 1026 1795 irri-

105 1821 179 1896 gasti
198 1838 294 1892 neque
308 1837 407 1891 sepem
424 1819 575 1876 circaeam
593 1817 744 1878 artificiose
758 1820 891 1878 erexisti:
915 1815 1025 1899 <solnm

105 1900 208 1983 modo)
227 1901 297 1961 fixis
310 1902 430 1962 ¹calamis
452 1904 482 1960 in
500 1903 619 1964 umbrae
631 1902 970 1979 figrnam'constnrxisti,
992 1915 1026 1968 ut

86 2027 90 2040 ,
106 1989 240 2061 starculus
254 1989 368 2062 plautae
380 1997 504 2062 superte
516 1987 621 2058 cadens
635 1989 832 2060 obumbraret,
855 1989 958 2050 saltem
970 1987 1025 2050 beo

77 2073 80 2080 ’
104 2075 226 2148 inpacto
241 2073 335 2133 studio
356 2072 463 2132 laboris
478 2074 508 2129 in
527 2073 654 2147 plantam
671 2085 848 2149 consumpto.
892 2071 939 2133 Tu
954 2091 1026 2152 ergo
1124 2084 1130 2096 ‘

104 2169 235 2234 prompta
250 2158 363 2232 plautae
380 2158 566 2218 delectatione
585 2161 714 2233 reperte,
745 2180 803 2219 uon
816 2160 879 2218 sine
896 2149 1025 2222 laesione‘
1124 2187 1126 2194 ’

104 2255 266 2319 compertus
281 2263 331 2315 es,
353 2243 480 2317 eoquod
495 2243 638 2302 delectans
653 2244 827 2302 teabtiierit.
871 2242 1023 2322 Non-ergo
1083 2287 1085 2294 ι

95 2348 230 2410 ¹¹aeanrm
245 2339 324 2402 erat,
348 2347 365 2384 ο
382 2325 521 2402 propbeta
532 2367 547 2408 ,Ι
563 2329 745 2386 miseratione
760 2330 789 2386 iu
808 2329 951 2389 civitatem
963 2350 1024 2388 uon

103 2432 222 2487 carere,
251 2408 302 2470 ubi
325 2413 419 2488 agitur
436 2431 495 2470 non
521 2411 558 2471 de
578 2413 702 2490 plantis,
729 2413 780 2472 sed
798 2413 835 2472 de
858 2411 1056 2476 hominbus?

103 2497 180 2578 bono
193 2497 312 2557 consilio
330 2497 486 2574 praeditis?

57 2717 61 2722 .
108 2693 139 2724 :-
190 2671 213 2740 ᾗ.
238 2672 288 2729 50.
332 2667 411 2751 Quia
429 2689 499 2729 vero
520 2667 664 2730 humanus
681 2669 768 2728 nimis
782 2667 876 2728 videri
892 2667 1022 2744 volebas,
1098 2683 1102 2690 “

103 2755 322 2828 convenirem,
351 2766 383 2813 ut
400 2765 439 2814 tn.
455 2755 676 2814 inanimatorum
694 2755 869 2831 benignitate
887 2751 1022 2814 humani·

44 2867 48 2870 ,
90 2843 229 2912 'tuteque
247 2850 394 2916 serrator,
423 2859 478 2916 ego
501 2859 571 2899 vero
598 2860 666 2914 erga
685 2839 817 2899 homines
844 2837 1023 2900 inhumanus
1099 2852 1101 2860 ’

101 2923 263 3000 publicatus
276 2928 395 2984 essem?
425 2921 493 2984 Nou
510 2925 671 2982 consideras
684 2946 841 3000 umquam,
870 2931 939 3000 quot
953 2924 1022 2984 binc
1061 2991 1063 2994 ,

100 3029 208 3088 pueros
226 3011 352 3070 concessi
370 3010 522 3085 patribus?
552 3019 621 3083 quot
636 3011 711 3068 natis
727 3009 793 3067 dedi
809 3019 903 3084 patres
916 3029 1021 3070 vocare

99 3097 269 3171 genitores?
292 3104 362 3168 quot
375 3095 528 3152 mulierum
547 3104 645 3168 partus
656 3103 788 3152 natorum
802 3097 893 3169 gratia
909 3095 1020 3154 incoln-

100 3196 165 3238 mes
181 3179 314 3239 salvavi?
342 3181 455 3254 quoties
474 3199 490 3237 a
508 3179 667 3261 perditione
681 3180 796 3238 servavi
812 3199 900 3255 eruin,
931 3201 1021 3255 quem
1055 3191 1071 3204 ²

100 3283 143 3323 ex
164 3263 281 3324 calamis
307 3263 498 3322 circumdabat
521 3263 655 3323 vallum'i
697 3261 764 3322 Tibi
790 3275 917 3346 externa,
932 3265 1021 3325 socies
1048 3319 1051 3332 ,

100 3349 273 3409 curcurbitae'
298 3345 338 3409 'ad
367 3347 511 3424 peculiare
532 3349 653 3430 privati
681 3343 863 3409 commodum
892 3360 1020 3410 constra-
1080 3343 1086 3348 ’
