2422 3826
58 169 62 182 ’
104 199 218 288 enm.
238 223 325 288 mn.
347 218 407 292 nn
427 219 702 304 rnovmnnr.
715 221 760 288 ιι.
781 227 962 302 ιιι-ιι.
979 223 1027 290 rr

101 393 194 461 mima
215 405 317 472 putet,
346 394 398 456 sed
425 395 607 456 solummedo
625 396 784 472 principatu
803 393 940 471 opificem
957 415 1025 458 ean·

102 481 233 542 sidereus
253 482 338 542 illum
359 481 493 542 laudibus
512 481 643 542 celebret
654 493 778 557 prepter
789 483 957 558 sapientiam
978 483 1025 541 in·

102 567 296 643 mitigandae,
319 587 376 643 qua
397 577 482 628 tenus
503 567 603 628 ordine
624 566 751 643 quadam
770 564 937 628 harmoniae
963 568 1024 628 sin·

102 651 187 729 gulas
207 671 306 712 earum
329 653 513 714 ordinaverit.

104 769 106 774 ’
190 769 213 844 §0
237 775 287 831 64.
311 767 359 830 Τιι
380 781 476 830 autem
497 768 669 850 haesitabat,
691 771 923 850 quarenimirum
943 769 1023 834 tanta
1065 805 1071 812 ·

101 856 148 914 vis
174 875 232 914 nen
259 857 392 932 potabilis
419 877 512 932 aquae
540 857 646 917 diffusa
675 859 733 917 sitt
778 853 960 932 Superflnam
987 865 1064 924 m.

101 939 213 1020 nrrllam
233 942 364 1002 invenias
384 952 503 1001 naturae
525 955 655 1018 partem,
677 963 695 1001 e
716 941 900 1016 Alexander,
921 944 947 1002 si
967 940 1067 1002 vra-89

100 1021 138 1085 lis
158 1047 211 1102 per
231 1035 259 1086 te
280 1028 375 1104 ipsum
396 1024 580 1104 investigare.
624 1025 889 1108 Quandoquidem
901 1025 1023 1104 diligen·

58 1123 63 1134 ‘
101 1111 138 1168 tis
157 1111 320 1170 intellectus
342 1131 400 1170 nou
422 1131 454 1170 es
475 1133 581 1188 expers
601 1121 631 1172 et
652 1113 688 1171 ab
709 1112 774 1172 aliis
795 1111 912 1186 edoctm
932 1113 1023 1172 instar

100 1214 219 1272 eornm,
241 1198 292 1272 qui
315 1197 523 1271 perlustrarunt
544 1199 623 1257 ιίιιιιι
643 1197 818 1274 sapientiaes
840 1215 914 1273 quos
935 1198 1023 1256 etiam
1092 1253 1095 1264 ,
1148 1223 1154 1234 ·

102 1299 156 1338 nos
178 1283 344 1356 sequimur,
377 1283 482 1341 assrreti
512 1281 619 1342 habere
645 1283 733 1343 verba
755 1281 792 1342 ad
812 1281 943 1342 infirmes
963 1283 1023 1352 (irs-

99 1361 286 1448 enatantes).
329 1363 446 1426 Verum
465 1365 639 1427 inexhausta
653 1367 779 1444 quodam
792 1367 878 1438 mods
898 1387 940 1428 ex
956 1367 1021 1426 lon·

99 1460 142 1510 te
150 1452 306 1525 sapientiae
327 1449 485 1512 heardendo
507 1453 684 1514 auditoribus
705 1452 832 1513 dimendi
859 1451 953 1512 studia
975 1472 1021 1512 ar·

99 1533 233 1596 dentibus
254 1537 317 1595 istis
344 1537 507 1597 satisfacere
528 1543 732 1613 procurantes,
763 1539 870 1598 maiora
892 1537 1021 1615 aggressi

99 1631 167 1680 sunt
195 1622 309 1698 negotia
338 1622 412 1680 iuter
439 1641 471 1684 se
498 1625 621 1682 invicem
642 1642 784 1700 connexa.
826 1619 897 1681 Ideo
924 1621 1022 1682 dicunt
1142 1647 1145 1654 ¹

99 1716 254 1766 extensum
274 1726 354 1764 mare
384 1703 534 1765 hominum
556 1705 733 1782 deorumque
753 1706 911 1766 commoda.
953 1705 1022 1768 Diis

99 1793 178 1852 enim
198 1792 238 1850 ita
258 1789 320 1850 fere
341 1789 473 1849 adornari
494 1791 608 1852 dicunt:
638 1789 691 1852 Sol
713 1813 801 1870 quem
821 1790 955 1850 nonnulli
974 1811 1020 1852 re·
1137 1789 1149 1830 Γ
1199 1805 1205 1814 “

99 1885 206 1962 ctorem
227 1894 291 1936 esse
313 1874 468 1950 dixerunt,
490 1898 525 1938 ea
547 1877 625 1954 qued
645 1877 767 1956 largitur
787 1874 958 1952 necessaris,
979 1881 1020 1938 ei

98 1955 189 2036 mari,
210 1961 361 2038 inquiunt,
390 1964 531 2040 nutritum
562 1966 668 2041 qnippe
689 1965 905 2042 purgatissimas
925 1971 1021 2039 partes

97 2043 211 2108 humidi
232 2047 367 2108 elementi
387 2047 424 2106 ad
445 2068 477 2110 se
498 2046 615 2109 trahens
635 2049 742 2112 sorbet.
784 2047 842 2108 Pro
857 2047 962 2132 indicia
983 2048 1021 2110 rit

96 2143 212 2210 praeter
232 2133 299 2210 alia,
322 2133 401 2208 qnod
423 2155 476 2210 per
496 2137 564 2196 anni
587 2145 772 2214 tempestates
792 2137 824 2194 in
845 2113 1020 2194 eontrarium

97 2218 190 2280 tendit
210 2237 310 2278 crsrsus
331 2218 450 2296 solaris,
482 2231 589 2282 aestate
616 2243 669 2302 per
689 2241 843 2295 cancrum,
874 2229 904 2280 et
923 2217 1020 2278 hieme

97 2329 151 2386 per
171 2307 377 2382 capricornum.
419 2303 498 2368 Nam
519 2306 776 2368 circumambulans
799 2301 866 2375 Sol,
888 2313 1020 2364 aeternas

98 2393 166 2454 illos
178 2393 317 2454 terminos
329 2389 407 2449 hand
420 2391 636 2467 transgreditur
679 2387 747 2450 Et
739 2408 818 2466 rpsae
834 2407 950 2464 queque
962 2407 1019 2446 nu·
1100 2461 1106 2470 ι
1132 2425 1137 2432 -

97 2481 181 2540 trices
202 2477 281 2537 fixae
306 2469 433 2556 (stellae)
454 2477 639 2551 enutriuntur,
661 2495 703 2536 ex
723 2494 790 2534 aere
810 2482 962 2550 purgatam
982 2467 1032 2533 ad‘

97 2561 130 2628 se
150 2561 296 2624 trahentes
316 2559 533 2640 humiditatem:
561 2559 639 2637 quod
652 2562 691 2621 ita
704 2555 885 2640 probant*);
911 2557 1020 2618 danim

81 2649 263 2726 'paullulum
283 2647 377 2723 ipsius
396 2645 525 2706 hrrmsris
544 2645 628 2708 nulla
648 2645 734 2719 mede
754 2645 931 2721 permixtum
952 2661 1020 2703 eon·

97 2736 183 2796 stanti
203 2733 287 2812 lege3
315 2733 369 2792 sub
399 2752 503 2792 aurora
532 2733 639 2810 ingiter
663 2731 774 2809 frigens
794 2731 952 2790 interram
972 2745 1019 2788 re·
1101 2774 1103 2782 .

95 2821 237 2894 mittitur,
275 2838 368 2896 aquae
403 2819 498 2882 calore
526 2828 656 2897 accepte,
683 2815 762 2896 quod
792 2834 840 2877 roa
866 2813 1018 2876 neumare
1090 2819 1092 2829 “

50 2942 52 2949 1
96 2924 162 2966 mos
182 2914 235 2966 est.

184 3004 210 3087 l.
234 3007 285 3070 65.
322 2965 410 3068 Sicut
431 3007 581 3094 araur)
608 3030 732 3090 magnae
757 2990 890 3142 utilitatis
919 3008 996 3072 est
985 3027 1017 3070 m

149 3169 272 3252 >cad
290 3190 404 3255 prim
422 3157 840 3251 namtarum-mlum.
874 3198 927 3249 Sed
944 3205 1017 3260 past·
1079 3211 1083 3219 ’

96 3263 204 3314 nodam
221 3259 309 3312 aliaue
327 3275 406 3312 mann
422 3265 587 3314 reductum·
577 3281 607 3314 ιιι
623 3265 788 3330 antefactum
806 3274 854 3328 ert,
871 3276 915 3317 ant
930 3261 1018 3316 aad·

88 3331 183 3397 ferrat.
219 3329 345 3381 Aeas.
340 3329 438 3387 ”.)ct
456 3333 610 3396 Fragmenta
629 3349 665 3385 ex
689 3335 763 3388 lesa.
786 3299 909 3396 licuisse.
933 3337 1016 3388 cells·
1065 3371 1069 3374 -

95 3407 138 3450 eta
155 3399 221 3453 Vol.
237 3411 277 3451 ιι.
294 3415 321 3464 p
339 3399 392 3450 206
417 3401 461 3467 sd.
478 3409 595 3457 assuas
