2432 3820
94 259 850 370 aun.1un.ounasnntonn;nuv.a1n.
863 277 936 334 180.
958 267 1020 334 ιιι
1049 239 1053 244 ’

98 443 291 508 nodiotionsnu
320 443 485 522 mutamque
514 441 710 520 eloquentiam
726 444 754 515 2)
784 442 945 504 nooessario
974 442 1019 502 ai·

96 531 175 608 forts
205 531 278 589 uiuit
299 531 386 590 etiam
410 549 450 590 ax
478 531 627 604 opposito,
666 529 809 588 discessus
828 523 903 609 (dei)
921 527 1019 603 priva-

94 617 206 676 tionem
218 615 301 676 verbi
316 615 378 688 (vel
395 611 546 696 rationis):
569 614 707 690 quoniam
720 615 814 672 mains
829 613 938 672 malum
950 613 1019 672 ani·

94 721 162 760 mae
175 701 340 775 insipientia
356 707 385 761 ot
396 699 539 760 domantia
554 719 614 758 non
630 708 674 762 ost
682 741 693 774 ,
714 699 829 774 propria
851 699 906 760 sibi
921 707 1019 761 manto

98 807 193 862 quum
211 787 334 846 conuenit
351 804 445 862 gauno
461 783 613 847 rationale.
652 845 658 860 ,

100 933 186 1028 Quid
204 949 262 997 ost:
295 931 434 996 Statuam
460 903 655 998 imumotttma
679 955 788 1010 uuum,
819 931 900 1014 qood
923 937 1020 996 tuam

136 1041 205 1082 ouon
223 1035 312 1098 ptura
329 1023 455 1095 tuo**)?

183 1126 207 1196 t.
232 1129 304 1184 180.
346 1121 566 1184 Primnmiltud
580 1123 752 1198 dicendum,
774 1121 820 1184 dai
834 1121 923 1184 verba
944 1076 1017 1182 nihil

96 1205 217 1268 differre
236 1228 254 1267 a
275 1209 466 1268 iuramento.
495 1207 536 1269 Et
557 1231 610 1286 por
632 1231 720 1286 quem
746 1229 815 1268 sana
840 1209 916 1270 iurat
935 1206 1017 1282 dona,

96 1293 164 1353 nisi
183 1313 237 1368 per
254 1313 286 1352 se
298 1293 432 1371 ipsum?
465 1291 567 1354 lutrano
591 1305 688 1354 nutem
708 1295 810 1354 dicitur
832 1293 867 1350 ob
890 1301 1018 1351 nostram

95 1378 322 1438 imbecillitatem
336 1380 475 1455 ,quippo
497 1381 547 1455 qui
573 1389 707 1456 putemus
734 1379 806 1437 sicut
826 1377 903 1462 apud
923 1375 1017 1438 homi·

93 1483 150 1525 nes
161 1461 301 1539 distingui
316 1464 440 1524 verbtnm
456 1465 646 1526 aiuromanto
653 1505 664 1540 ,
686 1466 726 1524 sio
742 1465 829 1524 otiam
839 1453 917 1540 apud
930 1459 1017 1522 denam
1041 1499 1045 1506 ·

94 1567 171 1608 esso.
222 1545 391 1626 Quianam
412 1547 497 1608 felix
521 1560 564 1610 ost
591 1559 620 1610 et
644 1549 803 1626 propitius,
832 1569 890 1608 non
914 1567 1017 1608 secun·

94 1631 166 1693 dum
201 1633 380 1693 maiestatem
410 1653 493 1694 suam
522 1633 627 1694 indicat
652 1655 706 1708 aa,
738 1653 813 1710 φιιο
835 1633 908 1692 facta
937 1643 1015 1710 suin,

93 1719 148 1779 sod
170 1717 254 1779 iuxta
273 1725 374 1780 onium
391 1715 547 1796 (pusillum
570 1715 724 1803 animum).
767 1715 902 1778 Sooomdo
919 1727 1017 1780 antem

92 1805 160 1866 vult
186 1805 273 1866 lande
303 1807 447 1868 celebrare
472 1805 586 1885 filium,
620 1807 703 1884 qnasi
731 1825 802 1864 vero
833 1820 950 1882 paterna
979 1807 1018 1866 sit

93 1889 201 1968 dignus
213 1889 304 1954 libera
316 1894 483 1971 nobilitat03
504 1915 565 1954 non
582 1895 661 1955 anim
672 1890 794 1954 tinnitor
809 1894 1017 1954 construxisset

91 1976 157 2052 ipsa
174 1973 334 2058 orationem
358 1999 374 2038 a
396 1979 603 2056 patrefactum
624 2001 691 2040 oum
717 1967 878 2041 iuramento
901 1987 1016 2056 propter

91 2059 205 2136 tilium,
227 2063 282 2121 uisi
299 2063 330 2122 in
355 2065 412 2124 isto
432 2065 555 2124 eandam
573 2067 710 2126 virtutem
734 2075 907 2126 contestatus
927 2076 1014 2126 osset.

92 2141 235 2207 cessate
226 2151 314 2224 igitur
336 2149 495 2210 libertatem
514 2152 589 2222 (sivo
601 2151 790 2223 nobilitatem)
808 2151 965 2211 secundum
979 2167 1010 2215 1³.
1020 2162 1057 2212 A.

92 2251 125 2291 se
148 2233 284 2308 privatim
312 2233 463 2295 laudantes
483 2235 681 2312 discentesqua
700 2243 799 2300 teratu
828 2255 844 2294 a
864 2236 970 2298 divinis
992 2241 1052 2301 38³

91 2317 239 2392 scripturis
253 2319 553 2398 poenitentiamagita.
582 2319 648 2380 Hoc
666 2323 743 2386 onim
759 2321 909 2380 manifeste
920 2321 1013 2394 doust,

90 2401 249 2462 diiudicare
267 2413 298 2462 ot
311 2404 472 2467 disoemeoe
488 2407 666 2466 nobilitatem
682 2403 809 2465 filiomm
817 2447 826 2478 ,
855 2425 914 2463 non
935 2405 1014 2479 qnod

91 2508 131 2549 ox
144 2489 275 2564 patribus
289 2493 484 2567 potiusquam
498 2493 535 2551 ab
554 2494 618 2552 avis
632 2493 716 2552 bonis
728 2491 1013 2567 pullulaverint,''eo·

90 2594 149 2650 qno
161 2576 287 2634 oontenti
306 2577 436 2654 fuotiut,
463 2577 602 2653 sedquut
614 2580 670 2654 ipsi
687 2597 803 2653 quoqne
822 2575 1013 2637 aemulatones

91 2661 149 2719 sint
173 2660 289 2736 pietatis
312 2681 423 2721 eorum.
467 2661 561 2722 Immo
586 2661 664 2738 quod
685 2661 842 2722 absurdum
864 2671 909 2721 ost
929 2661 1013 2720 inua-

89 2743 305 2805 luntaria‘bona
320 2747 455 2822 laudaro,
477 2747 758 2821 involuntan'amque
777 2743 1011 2823 generationum}

90 2850 182 2904 quum
202 2849 262 2888 nou
277 2851 330 2906 por
347 2833 491 2908 propriam
509 2832 688 2892 voluntatem
704 2833 903 2906 unusqtnisqno
921 2832 1013 2890 nostti

90 2913 183 2973 fautus
213 2915 317 2991 fuorit3
349 2927 436 2994 atqua
464 2917 660 2976 voluntarium
682 2917 713 2976 in
734 2916 817 2975 nullo
842 2915 942 2976 ordino
965 2935 1012 2976 ra·

90 3017 224 3059 consero:
254 2999 451 3062 voluntarium
472 3011 570 3064 antem
597 3011 642 3062 ost
659 3001 766 3062 molins
787 3011 817 3062 at
840 3001 909 3063 boni
932 3021 1010 3063 noua

89 3086 178 3160 plutio
198 3085 388 3162 imitatioque.

88 3228 299 3248 hauh—...-

139 3315 169 3383 *)
188 3320 292 3370 Ludere
308 3321 415 3372 vidam
431 3331 522 3372 aneton
539 3321 647 3374 Graecis
661 3321 788 3407 ³vttoitnu,
820 3316 926 3390 svioytu
943 3337 1009 3386 quos

89 3397 127 3439 att
143 3387 295 3440 hauotiotio
318 3401 367 3440 tan
383 3393 451 3442 bons
468 3391 569 3442 locutio
578 3423 587 3452 ‚
612 3401 639 3442 at
655 3386 751 3458 ἀλογίᾳ
767 3391 860 3456 inopta'
866 3387 947 3444 'tubi
964 3394 1010 3442 uel

87 3455 207 3508 sationis.
241 3457 329 3533 Aust:
400 3457 555 3529 “.)tiouso
564 3459 608 3521 26,
625 3459 653 3511 4.
1008 3499 1013 3506 .
