2418 3812
195 165 261 236 sta
280 119 1119 268 emmunpunasumeausnav.§.aasaaa.

197 350 294 403 tuetur
306 339 472 418 parantibus
487 361 539 416 pra
556 338 676 402 honere.
706 337 819 419 Αςίιιιι
832 344 910 402 enim
926 344 1043 420 gemina
1056 343 1120 419 pie·

187 437 274 501 tate,
295 445 334 486 ne
345 425 479 485 rideatur
492 425 595 486 fallere
608 435 731 502 patrem,
753 427 1120 508 usurpanda'priailegium

197 511 338 587 alterium,
368 529 445 570 nere
468 511 553 570 matri
581 511 678 570 minus
706 513 1118 588 inveniaturabtamparassa.

85 609 90 616 ‘
196 592 285 656 Adeo
301 591 463 654 verecunda
474 596 579 670 pietate
591 595 746 672 respondit,
768 617 826 656 nan
837 597 915 672 qnod
931 596 1119 663 maledienna

196 677 316 756 aliquod
323 679 486 754 prolatauus
504 689 559 752 est,
580 679 633 740 sed
648 681 688 740 ait
702 681 856 755 nequando
869 681 1040 758 superducat
1053 701 1118 744 nsa-
1177 709 1179 713 ·

196 763 354 840 ledictnm‚
384 765 517 838 quamvis
536 763 587 823 ille
607 785 659 841 pra
679 765 837 824 visceribus
855 768 910 840 piis
930 769 1055 842 quiverit
1077 787 1118 830 ne

101 877 107 882 ·
166 853 170 860 '
196 849 271 909 forta
294 849 465 908 canscientia
490 868 556 908 mea
573 849 701 926 pulsata,
732 849 791 910 tale
808 850 918 926 aliquid
934 853 1051 927 accipiat
1070 852 1119 912 iu·

197 933 323 996 assando
342 943 469 1010 memet,
490 943 628 1009 tanquam
646 935 749 994 merita
764 935 926 998 maledictio
946 947 1072 1012 paratur.

197 1089 234 1160 (a.
247 1091 335 1160 aaa.)
380 1055 857 1170 (immurmurant
872 1086 958 1148 maa
975 1021 1168 1164 rami&

239 1192 315 1253 patae
345 1184 409 1230 crat
429 1169 513 1248 apud
529 1175 625 1248 ipram
644 1175 676 1231 in
697 1170 800 1248 danto,
828 1186 857 1232 et
875 1169 985 1234 wstinit
1004 1169 1118 1236 Iacob?

130 1269 131 1272 ’
284 1268 431 1348 Scriptura
450 1273 526 1332 clara
546 1283 610 1346 est,
641 1273 710 1332 dum
725 1293 777 1348 per
791 1273 991 1349 stolam,'qni
1004 1273 1121 1334 videtur

170 1358 323 1434 .absens,
354 1366 492 1432 tanquam
515 1357 651 1418 assistens
673 1367 726 1416 est.
778 1355 858 1418 Vide
877 1358 1027 1418 intellectu
1048 1375 1121 1418 vere

198 1443 306 1505 subtili.
356 1438 402 1499 Ita
417 1459 524 1514 pravus
546 1441 618 1498 alias
638 1441 729 1499 ¹stelas
741 1439 828 1499 habet
841 1461 875 1499 ac
888 1443 1011 1516 plurima
1028 1443 1121 1502 vasti-

197 1539 312 1602 rnenta,
344 1525 449 1600 quibus
470 1533 503 1582 nt
514 1521 634 1586 callidus
652 1526 923 1606 signa‘iniuriarnm
938 1524 1047 1584 occulta
1064 1524 1121 1586 lsa-

197 1611 263 1685 bet,
294 1620 391 1689 tamen
412 1619 443 1668 ut
463 1629 550 1668 unam
563 1609 669 1668 bonam
682 1609 783 1668 stolam
799 1609 964 1670 sensibilem
981 1619 1010 1669 et
1023 1619 1121 1670 asten·

197 1695 330 1756 tatoriam
347 1711 497 1753 censuram
515 1714 567 1769 pro
582 1693 721 1754 industria
734 1714 827 1770 usque
839 1693 876 1764 ad
888 1695 1011 1754 verbum
1029 1713 1121 1769 qnam
1200 1749 1201 1774 2

199 1799 240 1840 ex
254 1777 368 1840 Musica
381 1779 530 1854 disciplina
541 1779 668 1840 imbutus
681 1779 793 1856 placare
806 1779 935 1855 festinat,
951 1799 1015 1860 ,nan
1025 1793 1120 1838 anam

197 1869 487 1940 (summouentem)
505 1874 638 1924 naturam
651 1865 774 1942 perfecte
791 1864 885 1924 malam
904 1874 948 1924 est
962 1863 1015 1923 sed
1031 1865 1121 1924 etiam

199 1949 445 2010 contrarietatibus
464 1959 639 2022 temperatus
660 1950 784 2010 institiae
805 1959 835 2010 et
858 1949 1016 2024 iniqnitatis
1031 1948 1121 2016 daea
1199 1947 1200 1950 ’

198 2035 306 2094 mentis
320 2033 456 2092 infamiae
471 2043 500 2092 et
515 2033 734 2092 benevolentiae
747 2035 920 2108 optimarum
932 2043 961 2092 et
976 2033 1122 2092 malorum

200 2139 265 2180 esse
279 2118 408 2178 virorum
426 2112 534 2196 (marg.
549 2113 686 2199 uirum),
708 2119 759 2192 qui
779 2118 950 2178 mediocrius
965 2117 1121 2194 delinquit,

200 2204 271 2264 dum
283 2200 383 2260 nullus
395 2203 458 2276 sine
468 2211 583 2276 peccato
595 2199 739 2278 Erupides
749 2197 856 2282 (nrarg.
868 2197 1037 2284 Euripides)
1046 2221 1123 2277 qua·

200 2309 258 2366 qne
271 2288 417 2346 neminem
431 2283 711 2364 irreprehensibilem
722 2287 813 2364 dixit,
834 2298 931 2366 tamen
947 2285 1121 2364 quibusdam

200 2371 382 2448 abundanter
396 2375 501 2446 (mag.
514 2371 671 2444 abundant)
686 2373 861 2435 malitiarum
874 2371 1000 2432 fomenta
1014 2371 1121 2446 turpia,
1198 2401 1199 2406 1

200 2460 319 2534 iniqua,
352 2455 424 2534 adep
448 2457 545 2530 pravis
568 2456 758 2517 adversantur
782 2458 911 2531 strenui,
946 2453 1123 2532 quibusdam

200 2553 299 2604 tamen
320 2543 361 2599 ita
379 2540 548 2600 altrinsecus
568 2542 643 2601 inest
662 2543 868 2618 temperantia,
888 2551 921 2600 ut
938 2539 1070 2599 nonnulli
1087 2559 1122 2598 a·
1197 2549 1198 2552 ’

201 2629 281 2687 mnia
295 2625 420 2702 pessima
434 2624 580 2684 obtineant
594 2626 703 2702 absque
720 2627 879 2702 anebsan,
902 2627 1060 2704 (mqrtaats'a
1069 2620 1122 2682 cla·

200 2714 311 2773 suntin
319 2705 426 2791 Am.)
441 2707 574 2784 nonnulli
592 2713 688 2770 arania
703 2712 861 2771 necessaria
875 2711 938 2770 sine
947 2709 1014 2768 'ulla
1032 2707 1124 2772 mala·

202 2796 287 2878 Quos
307 2795 382 2856 solet
408 2791 586 2870 philosophia
609 2807 860 2854 summasunmna
880 2793 1038 2858 seeundum
1058 2811 1124 2852 ma·
1196 2787 1197 2828 l

175 2915 180 2924 ·
201 2881 295 2942 litium
316 2891 346 2940 et
366 2879 512 2940 virtutem.
543 2875 671 2939 Videtur
691 2899 760 2956 erga
780 2879 816 2938 de
837 2879 976 2938 industria
997 2875 1123 2954 dix'itw,

202 2977 233 3028 et
252 2987 293 3026 ex
313 2974 425 3040 aperta:
446 2963 537 3022 murali
554 2983 624 3024 vero
640 2963 742 3023 stolam
757 2975 855 3038 aptam
872 2983 932 3024 non
952 2983 1033 3036 esse,
1055 2960 1124 3022 ideo

114 3068 119 3072 ·
202 3051 281 3128 apud
301 3060 422 3109 matrem
442 3047 513 3122 fnit,
535 3068 589 3108 nec
609 3048 680 3108 dum
700 3049 744 3108 illi
765 3048 885 3125 donata,
907 3047 958 3108 sed
979 3051 1053 3106 iusta
1074 3065 1125 3104 re·
1195 3059 1196 3074 ³

87 3211 90 3215 .
203 3145 326 3200 servata.
370 3131 418 3193 Tu
437 3134 462 3194 si
476 3152 564 3192 arnam
579 3132 686 3194 babere
700 3134 824 3208 speciem
844 3131 1017 3194 laudabilem
1038 3129 1126 3206 quasi
1195 3125 1196 3191 l

203 3218 387 3298 spectabilem
404 3228 454 3278 ant
468 3227 631 3294 pretextsm
639 3261 649 3294 ,
670 3219 720 3279 vel
735 3219 875 3278 urbanam
892 3235 1042 3278 masuram
1057 3234 1125 3276 eae·

59 3327 63 3335 “
98 3377 109 3392 .
203 3306 274 3367 teris
304 3303 438 3363 omnibus
467 3303 666 3377 simperabilis
685 3305 866 3367 constitutus.
908 3299 1032 3364 Fannix
1051 3319 1125 3366 rere
1194 3365 1195 3394 ¹
