2432 3820
171 175 236 244 roo
255 117 1095 264 omniunoonnsnntcommisissem.

172 347 230 407 siiii
245 347 384 424 impotem
398 346 602 418 libidinosum:
614 366 715 408 omum
733 345 812 408 enim
830 350 952 412 istorum
966 343 1094 410 coeleste

172 441 217 492 est
248 442 277 490 et
298 432 396 491 divine
423 432 487 492 lnce
515 432 656 510 dignum,
694 433 824 500 alterum
847 454 919 495 vero
946 443 1092 512 terrestre,

72 581 78 589 ,
172 517 372 590 corruptibile,
404 518 530 577 tenebris
557 518 661 577 simile.
711 516 857 597 Ortonam
883 539 955 578 vero
975 521 1093 580 verissi-
1126 529 1132 534 “

80 651 84 655 .
172 621 277 675 mum,
302 601 381 676 quod
400 604 492 662 moior
502 605 609 663 serviet
628 604 753 663 minori:
781 604 807 663 si
826 603 946 678 quidem
966 614 1093 679 tempore

173 688 265 744 moior
293 696 338 746 est
363 687 490 764 melitis,
524 709 543 747 e
572 689 665 763 prima
695 697 787 748 aetate
816 698 915 748 nostre
945 689 1121 750 nobiscum-

62 773 67 776 ’
172 770 337 846 pollulsns3
366 773 458 832 virtus
485 783 582 832 eutem
603 775 714 848 minor,
742 793 828 850 segre
857 784 1001 848 postremo
1031 773 1093 836 loco
1152 845 1155 858 ‚

173 855 340 936 tertiusque
369 859 506 932 acquisito
532 859 564 916 in
584 859 684 933 nobis,
711 867 865 932 postquem
891 859 1028 918 vitiorum
1048 860 1093 916 in·

143 968 148 972 ·
172 937 272 999 iinitoe
301 941 553 1002 immoderationes
572 945 635 1002 vim
661 963 744 1002 suem
764 943 966 1018 intenderunt,
998 952 1027 1001 et
1047 963 1094 1005 re·

83 1029 86 1034 '
173 1026 334 1102 miserunt3
356 1036 425 1084 tunc
440 1029 517 1086 enim
529 1027 655 1086 iudicare
666 1047 873 1102 secernereque
890 1027 991 1102 incipit
1010 1047 1094 1086 mens

174 1119 204 1168 et
224 1111 413 1186 principatum
433 1121 541 1172 tenere.
584 1109 667 1171 Haec
687 1122 785 1172 sutem
805 1112 937 1172 ‹lieontor
957 1111 1035 1186 quod
1056 1111 1094 1170 od

174 1213 228 1253 nos
249 1197 363 1256 attinet:
397 1195 524 1270 alioquin
552 1198 617 1270 quis
645 1199 736 1256 nescit
765 1196 877 1256 eoelum
905 1197 1034 1255 immune
1064 1205 1094 1255 et

175 1299 283 1354 expers
309 1299 373 1339 esse
393 1279 541 1356 malitioe3
570 1281 643 1358 sinit
664 1291 692 1340 e't
713 1283 765 1356 qui
785 1283 858 1340 ciros
880 1301 948 1340 eum
969 1289 1108 1357 aguntur*

177 1365 327 1424 sensibiles
355 1365 395 1424 dii
426 1366 605 1447 (nominatim
636 1368 773 1440 quonism
801 1385 902 1424 omnes
927 1366 997 1424 boni
1027 1359 1095 1425 sunt

175 1459 204 1510 et
226 1451 341 1508 omnino
370 1451 400 1508 in
422 1450 522 1508 ordine
543 1452 659 1510 virtrttis
684 1451 876 1525 perfectiores.
928 1447 964 1506 In
985 1448 1094 1509 mundo

175 1533 272 1594 eutem
299 1535 391 1592 maior
419 1543 463 1594 est
489 1543 560 1593 notu
590 1535 728 1594 sobrietas
758 1553 846 1608 qoem
871 1533 1035 1606 insipientis
1065 1543 1096 1592 et

102 1633 105 1638 ’
175 1619 326 1694 prodentis
346 1639 434 1694 qtrom
454 1619 664 1696 imprudentie3
694 1627 781 1693 otqno
801 1618 894 1676 maior
910 1617 1037 1692 iustitio,
1058 1628 1090 1678 P.
1100 1621 1142 1674 Δ.

175 1723 264 1778 qinom
283 1705 420 1763 iniustitia
440 1715 590 1780 ceteroque
618 1724 657 1764 ex
678 1701 1054 1778 singulisdispositionibus
1072 1697 1148 1772 366,

83 1813 92 1838 =
176 1789 321 1863 oppositis.
375 1786 518 1848 Attamen
537 1790 569 1847 in
587 1807 693 1864 genere
707 1785 838 1846 humano.
854 1787 1027 1863 conmoriotn
1041 1785 1095 1846 ob·

175 1874 279 1950 tingit,
301 1873 369 1948 quie
389 1873 518 1948 bonum,
540 1869 605 1953 int)
626 1875 685 1931 iem
706 1871 830 1944 dietum,
857 1879 928 1930 nato
949 1872 1047 1930 minus
1066 1878 1096 1929 et

87 2028 90 2032 ⁵
176 1968 354 2033 postremum
375 1967 436 2034 est3
460 1960 624 2033 oppositum
638 1967 735 2016 autom
755 1954 851 2016 feres
871 1957 1022 2015 inventute
1042 1974 1096 2014 no·

175 2043 287 2102 bisoum
308 2045 479 2117 acquisitum
499 2043 629 2117 exsistit,
657 2042 688 2100 id
709 2049 753 2100 est
772 2041 883 2102 vitium
898 2040 1094 2114 insipientiores

177 2147 281 2187 verum
307 2137 405 2186 tomen
433 2129 527 2185 minor
546 2129 609 2202 ipse
629 2127 747 2185 maioris
776 2125 822 2184 soi
842 2143 895 2200 per
923 2123 1022 2200 legem
1041 2142 1095 2182 no·

176 2223 259 2272 torno
280 2212 343 2274 dux
364 2223 408 2272 est
430 2222 459 2272 et
478 2212 619 2287 princeps.

69 2426 73 2430 .
126 2377 128 2384 ’
185 2406 190 2414 -
233 2362 396 2450 Quidem
425 2323 730 2440 hopbrtmmdto,
761 2361 1044 2436 oreopcrerorw

262 2486 286 2554 t.
310 2479 382 2544 158.
436 2479 581 2557 Sapientis
609 2490 708 2556 pertus
735 2500 795 2538 non
824 2487 868 2539 est
895 2495 1015 2542 mancus
1044 2495 1098 2537 noc

176 2585 277 2628 menso
297 2581 352 2628 nec
372 2567 436 2642 die,
464 2567 516 2626 sed
536 2567 641 2641 plenos
660 2565 880 2641 perfectosque,
909 2583 948 2622 ex
969 2562 1099 2622 numeris
1209 2631 1210 2636 η

128 2654 132 2660 “
177 2653 310 2728 perfectis
331 2661 473 2710 constans.
516 2649 629 2718 Littera
649 2649 715 2709 talis
736 2659 799 2709 est:
822 2649 859 2708 ed
879 2658 1101 2712 mentemsvero

178 2737 350 2796 dicendum:
384 2735 484 2817 Quum
515 2737 628 2794 animus
658 2737 764 2794 virtute
794 2733 908 2810 poliens
938 2735 975 2792 sit
994 2732 1100 2808 plenem
1181 2724 1210 2776 Ὗ

178 2823 336 2896 sapientise
344 2822 454 2895 formis,
469 2841 544 2898 quoe
558 2821 615 2880 diei
632 2820 759 2896 solisque
771 2822 862 2878 instar
877 2828 966 2878 totam
983 2818 1100 2878 omnino
1209 2883 1210 2888 η

177 2907 323 2966 illuminet
343 2908 542 2984 cogitationem
564 2916 593 2966 et
614 2914 761 2982 mentem,
794 2915 861 2964 mne
881 2904 980 2979 inn'pit
999 2920 1100 2978 perere

122 3059 125 3063 .
166 2993 372 3066 oppositiones
392 2993 424 3052 in
444 2993 653 3069 separationem
674 2991 866 3051 distinctivum
887 2997 1049 3062 sannorum
1070 2993 1100 3044 et

177 3077 316 3152 turpium.
1024 3089 1031 3096 ·

167 3227 388 3248 ”⁶⁸⁸⁸—

230 3326 369 3388 nomos.
387 3327 439 3391 2⁵,
462 3327 510 3380 24.
547 3397 549 3402 Α
