2406 3822
52 171 1002 315 ²runs.‚rnnortnnan..,..-.rs1nanrtnrnuuu

86 411 164 474 atque
187 405 269 474 optat
288 396 505 498 matrimonium
524 398 630 474 magis,
652 415 739 472 quom
757 396 886 458 t'eminar
915 415 1004 474 quiam

84 485 115 544 ob
133 503 196 542 rem
221 484 287 541 iure
309 466 416 540 oniissa
441 483 566 555 femina,
597 481 654 541 viri
674 485 847 557 compescuit
863 481 1032 560 impetum

39 561 261 644 leopeoiluum
278 567 333 626 sub
354 568 438 642 signo
454 567 708 631 circumcisionis.
739 565 873 628 Secunda
895 579 1003 641 antem,

81 663 111 712 nt
122 653 245 712 materia
261 651 388 710 feminae
406 669 446 710 ex
457 651 574 710 residuo
587 651 737 728 sanguinis
751 655 846 728 erupti
864 651 1005 714 exhibea·

35 733 39 818 l
81 747 216 813 manate,
239 737 323 794 cuius
344 735 451 794 mtiibx
474 755 508 794 ac
528 755 629 795 caussa
648 743 694 796 est
714 753 795 796 mas:
828 739 897 812 quia
916 739 1006 814 igitur

34 823 36 870 i
80 821 168 898 magis
191 820 393 878 necessarimm
420 821 451 880 in
480 829 545 879 aun
572 821 766 897 generationis
793 823 841 881 vir
867 833 1004 898 praestat,

51 891 177 965 'merito
208 906 338 964 coercuit
357 906 423 964 eins
447 905 610 980 snperbiam
633 920 687 981 per
708 905 862 982 figuratam
884 907 1004 966 circnm-

31 978 33 1042 l
80 992 233 1058 maionem:
249 1047 251 1052 ,
266 989 425 1049 materialis
449 1009 520 1050 vero
539 995 651 1061 (caussa
674 989 827 1062 feminina)
856 1001 889 1050 nt
910 993 1004 1052 mani·

79 1086 151 1134 mata
167 1095 231 1133 non
244 1075 390 1149 praeierat
405 1075 610 1136 ambitionem:
640 1073 779 1134 hactenus
792 1071 874 1135 haec.
917 1071 1004 1136 Gete-

78 1179 141 1220 rnm
158 1157 285 1234 posthac
305 1158 381 1218 illud
408 1179 525 1238 quoqne
545 1159 723 1234 notandum,
750 1160 818 1220 nisu
842 1159 1004 1236 pmeditom

78 1245 107 1304 in
124 1245 210 1304 nobis
226 1243 407 1304 intellectum
430 1263 509 1322 esse3
537 1241 625 1306 buius
639 1263 852 1324 supernomen
870 1245 1004 1322 germina
1104 1240 1107 1251 '

78 1348 193 1389 necesse
210 1338 257 1388 est
275 1329 457 1406 abscindere3
474 1331 610 1409 germina
626 1349 698 1390 vero
716 1339 1006 1406 supervacaneasnnt

79 1415 178 1472 inanes
196 1413 361 1489 opiniones,
383 1433 516 1490 caraeque
531 1413 688 1474 seeundum
709 1414 776 1474 illas
791 1425 932 1492 aguntnr3
963 1415 1004 1475 ita

80 1507 111 1556 nt
122 1497 291 1558 intellectus
311 1499 493 1558 circumcisus
512 1499 573 1558 sola
587 1501 748 1558 ueoesauo
763 1499 902 1574 utiliaque
918 1499 950 1558 in
970 1517 1004 1558 se

80 1591 177 1658 garat3
218 1591 249 1640 et
274 1581 413 1658 quicquid
437 1583 602 1656 surperbiam
624 1601 751 1641 crescere
775 1583 862 1658 facit,
893 1583 1004 1642 absun-

80 1665 180 1725 latur·
222 1685 349 1742 quocum
379 1665 620 1752 dmumcdnntur
649 1673 679 1727 et
709 1665 803 1744 oculi,
834 1669 918 1743 qnasi
944 1683 1004 1727 non

81 1751 207 1812 videant.

83 1937 143 1999 Gur·
172 1933 276 1997 dixit:
318 1931 361 1995 Εἰ
382 1957 463 2014 puer
489 1951 553 1999 octo
578 1933 693 1998 &eram
719 1931 954 2012 ciwumcidetar,
966 1863 1046 2004 12249·

120 2044 210 2084 cume
227 2021 447 2082 masculinnm?
464 2027 492 2096 s)

164 2143 193 2212 i.
221 2145 275 2200 48.
326 2137 514 2215 Praepntinns
539 2143 581 2212 **)
604 2139 685 2198 iubet
709 2091 888 2216 circumcilli3
924 2137 1005 2216 quod

79 2226 212 2300 apprime
247 2217 365 2299 quidem
392 2225 428 2283 ob
455 2224 572 2284 morbos
600 2225 714 2284 iirtnros
741 2226 914 2299 permissum
947 2233 1003 2284 est»

79 2307 241 2370 Difficilius
260 2319 304 2368 est
322 2311 399 2368 enim
414 2312 509 2370 senari
528 2309 662 2368 morbum
682 2310 713 2366 in
731 2309 914 2385 genitalibus,
935 2309 1004 2384 igne

79 2395 142 2454 iere
169 2394 343 2454 comburens
364 2415 411 2470 ea,
439 2395 546 2470 quibua
561 2395 760 2454 membranum
775 2393 1003 2468 supernascitur:

79 2479 159 2556 qnod
182 2489 282 2542 tamen
299 2479 469 2538 circumcisis
491 2481 546 2540 vix
560 2479 709 2554 contingit.
751 2475 790 2536 Et
805 2497 877 2537 sanc
899 2477 925 2536 si
940 2475 1004 2538 fieri

77 2566 224 2640 potuisset
246 2573 278 2622 ut
300 2564 373 2624 aliae
395 2565 483 2624 etiam
501 2563 683 2624 infirmitates
705 2563 882 2624 eniterentur
899 2579 1007 2636 ampu-

76 2649 168 2709 tando
189 2649 353 2708 membrum
372 2647 501 2726 aliquod,
523 2659 573 2708 ant
593 2649 720 2724 aliquam
740 2649 867 2724 corporis
881 2657 1025 2724 pauomp
1066 2705 1069 2714 .

76 2735 118 2794 in
137 2742 174 2794 ut
196 2734 329 2794 abscissis
345 2733 406 2794 illis
430 2753 489 2791 non
511 2725 699 2808 impediretur
722 2734 848 2808 operatio
869 2731 1004 2807 singula·

77 2836 147 2880 rum
165 2819 305 2892 partium,
336 2821 480 2880 nesciente
499 2817 613 2878 mortali
630 2815 758 2890 bomine,
786 2818 817 2874 in
836 2813 1006 2874 immortali·
1055 2837 1057 2842 ’

78 2912 171 2962 tatem
193 2911 444 2976 transmutaretur.
498 2900 587 2983 Qorotl
608 2911 709 2973 antean
725 2922 779 2976 per
799 2921 897 2960 canam
916 2899 1006 2962 anmi

77 2985 247 3064 providam,
276 2990 347 3047 sine
359 2987 525 3064 infirmitate
548 2986 709 3046 circumcidi
732 2986 880 3062 placuerit,
901 2984 1006 3061 liquet,

77 3073 222 3148 quoniam
250 3092 310 3130 non
335 3071 436 3134 ludaei
461 3072 533 3149 soli,
563 3091 667 3132 verum
692 3073 779 3131 etiam
803 3068 950 3147 Aegyptii
977 3079 1007 3132 ct
1163 3099 1164 3108 ¹

78 3156 201 3217 Arabes
220 3166 250 3216 et
269 3155 433 3236 Aethiopes
454 3167 541 3234 atque
563 3157 625 3218 lere
645 3176 746 3221 omnes
766 3157 798 3216 in
826 3153 1008 3216 meridionali
1109 3181 1115 3189 ·

130 3369 160 3433 *l
178 3374 279 3442 Genea.
296 3373 341 3435 17,
359 3374 401 3426 12.
471 3371 511 3434 '')
528 3337 720 3426 aduersum
746 3367 865 3425 muriam.
899 3371 987 3426 Asai.
1080 3379 1085 3394 ¹
