2418 3812
121 234 123 239 ³
195 285 1116 426 ΝΕΕΕΝΕΝΝΝΝΝΑΕΝΝΕΝΝΕΝΕΝΝΝΝ-ΕΝ
1196 361 1203 368 ,

197 472 325 544 propter)
342 485 394 540 pro
409 465 483 524 miro
500 479 608 539 pavore
623 415 737 538 melus,
758 463 808 522 uit
851 435 1018 536 Appropria
1032 455 1119 536 mihi,

197 554 289 628 cupio
294 553 372 612 enim
384 569 471 610 nome
489 547 671 626 diligentius,
699 551 726 607 si
743 556 776 606 tu
793 546 844 605 ille
860 566 892 606 cs
910 555 939 604 et
954 565 1014 604 non
1031 499 1119 604 alteri

196 633 286 697 Unda
310 635 397 696 etiam
418 633 563 710 palpando
590 652 658 692 eum
682 631 804 708 dicitnr,
839 632 889 690 aiut
910 633 1005 705 potius
1026 649 1115 690 mauu

197 742 286 798 quam
297 722 403 782 mentis
417 721 523 778 intuitu
539 717 733 778 examinando
748 733 823 790 quae
839 715 925 774 modo
937 715 1011 776 dicta
1027 724 1116 789 atque¹

196 815 278 883 gestu
292 815 375 880 sunt,
404 814 433 882 ct
448 803 621 864 conferendo
641 822 675 862 ea
690 821 756 860 carm
774 801 1006 860 antecedentibus
1017 801 1115 880 verbis

137 923 139 930 ⁴
196 890 444 966 atqueoperibua,
464 889 577 986 invonit
589 887 1114 972 in'cisnorrmagnamdissouantiam.

197 1001 236 1090 (Ν.
260 1013 345 1080 210.)
503 999 585 1082 ‘pue
607 1001 918 1081 palpamentum:
950 1002 1028 1063 Vox
1047 1001 1113 1084 qm·-

116 1125 119 1128 ·
239 1090 305 1152 dem
324 1113 385 1152 uox
501 1132 511 1166 ,
540 1111 646 1150 munus
665 1111 732 1150 voro
751 1109 855 1148 mursa
876 1086 984 1148 Eous?

279 1189 362 1254 Voce
390 1213 467 1260 nunc,
486 1194 587 1269 accipit
607 1194 750 1252 nonoris
773 1211 806 1252 ae
829 1191 946 1268 linguae
970 1190 1113 1268 pulsantia

105 1299 107 1304 ·
149 1309 154 1316 ,
194 1299 313 1355 aerem,
340 1277 392 1340 sed
414 1299 466 1354 pro
487 1297 585 1338 marim
604 1277 728 1351 dietam,
757 1267 866 1356 (mag.
888 1297 940 1354 pro
964 1297 1032 1335 casu
1044 1279 1112 1336 rin·

86 1365 89 1374 ’
193 1359 325 1444 dictam)
345 1372 374 1422 et
386 1361 539 1422 habentem
551 1361 744 1422 differentiam
758 1382 809 1436 pro
820 1381 873 1420 saro
886 1363 991 1420 iudicio
1003 1367 1122 1440 (arms

32 1470 34 1480 ·
70 1469 81 1476 -
154 1489 167 1503 ,
191 1443 323 1528 indicio).
344 1444 1115 1524 Designatioeuim'piatatisest(et)spontaneafigura„

193 1553 319 1608 congrua
341 1533 507 1591 exercitoria
530 1536 636 1606 (marg.
660 1527 851 1631 exercitoriis)
876 1532 1004 1590 moribus
1020 1533 1112 1591 conti·

192 1619 309 1692 nentia,
330 1617 435 1691 quibus
447 1615 641 1676 benivolentia
659 1626 688 1676 et
702 1617 835 1676 sanctitas
849 1611 999 1694 oiiuntu'r,
1020 1614 1110 1678 huius

191 1703 283 1779 gutia
296 1703 475 1776 recuperavit
489 1721 664 1782 sermonem,
685 1701 792 1761 dicens.
834 1697 909 1759 Vox
925 1699 1042 1776 quidem
1048 1721 1112 1762 vox

135 1783 139 1795 “
191 1783 295 1863 Iacob,
325 1806 429 1846 manus
449 1807 520 1846 vero
537 1806 641 1845 manus
656 1779 748 1846 Esau.
800 1783 1000 1860 Suboitendo,
1031 1786 1111 1862 qnod
1159 1855 1164 1867 .

191 1891 251 1932 uon
267 1891 368 1932 vocem
389 1871 563 1947 quamlibet,
593 1871 728 1931 sedeam
750 1871 867 1946 laudat,
895 1891 970 1946 quae
981 1871 1110 1947 professa

191 1967 236 2018 est
252 1959 360 2016 autoris
383 1977 447 2016 esse
468 1955 663 2016 emolumenta
680 1958 839 2032 bonorum,
868 1955 946 2032 quod
967 1957 1110 2017 eratalie·
1201 1977 1202 1982 ¹

99 2049 106 2060 “
191 2061 262 2102 num
275 2042 378 2118 pravi,
406 2061 529 2116 pravum
546 2061 617 2100 vcro
632 2043 835 2100 continentiam
855 2041 1038 2102 studentiset
1055 2062 1109 2101 ex·
1200 1999 1202 2138 i

191 2127 300 2202 ercitati
324 2146 376 2202 pro
397 2125 516 2185 libidine
536 2125 646 2190 dolosis
670 2125 803 2202 eligentis
817 2105 993 2186 hanciitam
1012 2119 1111 2186 utilio·
1188 2122 1202 2204 'J

189 2231 253 2272 rem
273 2219 302 2269 et
316 2211 473 2286 preciosam
492 2209 629 2271 credenti.
657 2213 814 2291 (sequemiu
836 2207 1109 2286 decantaverim.)
1201 2205 1202 2209 ’

189 2293 298 2354 Manus
311 2305 407 2354 autem
423 2305 543 2370 possunt
557 2315 622 2354 esse
635 2296 740 2355 mdccti
755 2296 793 2356 ad
815 2295 1001 2373 effecturam,
1031 2297 1109 2356 mul·

190 2391 219 2442 ta
236 2382 314 2442 enim
329 2379 486 2444 inofficiose
496 2389 612 2452 tentant
626 2401 725 2460 agere,
745 2403 804 2440 non
818 2402 858 2441 ex
871 2384 1033 2483 integritate
1045 2401 1108 2442 cor·
1200 2435 1201 2444 ,

146 2503 148 2506 .
189 2465 251 2542 dis,
283 2465 525 2542 aliquotiesenim
545 2476 574 2526 et
591 2467 711 2544 religata
727 2467 782 2528 sibi
805 2469 887 2544 pravi
901 2469 1052 2542 resistunt,
1073 2485 1105 2534 1>
1113 2483 1201 2538 Α,

188 2560 218 2610 et
231 2551 369 2610 senectuti
382 2550 525 2626 deserunt,
540 2561 570 2612 et
583 2553 723 2612 amicitiae
733 2554 798 2612 iura
810 2562 989 2613 conservant.
1011 2549 1072 2612 Sed
1081 2557 1146 2618 413

188 2632 296 2695 baec
278 2655 330 2712 pro
356 2654 410 2694 sua
425 2637 545 2694 uvarino
570 2647 693 2712 gerunt,
720 2631 754 2696 ut
769 2647 878 2712 captata
897 2637 1108 2738 opportunitate

188 2719 329 2795 quosdam
346 2717 471 2794 amplius
492 2719 643 2796 decipiant.
685 2719 730 2780 lta
747 2721 889 2782 ialhmtur
909 2723 1005 2782 minus
1020 2721 1108 2782 sobrii
1199 2751 1200 2794 3

188 2805 301 2864 modico
314 2805 477 2863 testimonio
492 2802 617 2882 seducti,
639 2814 668 2866 et
681 2805 786 2866 frivola
802 2808 949 2866 mirantes.
994 2799 1107 2868 Cautum
1199 2807 1200 2830 ¹

189 2901 286 2950 autem
308 2899 337 2948 et
359 2889 552 2966 gerendorum
569 2909 686 2968 camos,
717 2901 746 2950 et
763 2891 880 2950 consilia
896 2913 992 2952 renam
1008 2893 1106 2966 requi-

188 2975 241 3048 rit,
267 2973 469 3050 vituperabilia
499 2973 735 3052 reprehendendo
742 3018 753 3050 ,
783 2976 884 3035 doetus
909 2985 939 3036 et
961 2978 1107 3051 responsis
1185 2981 1199 3000 “

187 3057 304 3138 divinae
320 3059 475 3134 scripturae
490 3079 565 3135 quae
581 3061 719 3136 permittit
731 3061 905 3122 iustitiar'um
918 3061 1017 3122 titulos
1031 3063 1131 3130 iuste„

186 3133 287 3206 iacun
305 3164 393 3220 quam
406 3145 523 3204 iniuste.
1198 3157 1199 3165 ’

185 3255 226 3342 (Ν.
243 3265 329 3332 211.)
316 3258 457 3365 )Ν))ιὸἆ
474 3275 534 3323 esta
561 3260 633 3322 Non
661 3268 793 3340 emovit
813 3284 914 3342 eum,
926 3278 1011 3327 m
1030 3269 1109 3330 οηίηι

228 3365 333 3405 sumno
352 3348 414 3406 cass
430 3350 515 3426 pauci
532 3368 638 3408 numu
657 3343 887 3424 Esautbatm
892 3352 977 3410 aaa?
1091 3366 1093 3372 ’

39 3449 52 3484 t
216 3479 220 3496 ,
271 3428 360 3513 Quod
372 3431 460 3508 paulo
474 3432 746 3512 monument,
765 3435 943 3512 eoomplina
957 3436 1108 3516 consignat
1197 3423 1198 3456 ³
