2432 3820
217 219 280 324 ros
296 251 733 340 erunrouqunnsrm
742 223 1139 337 ausurusaarisa

216 428 273 486 tiae
297 425 505 502 speculationes
529 424 709 502 proprias*),
737 423 876 499 optimas,
916 424 1035 488 selectas
1053 435 1141 502 atqua

131 558 135 564 .
166 579 170 584 ,
216 533 235 571 a
256 513 327 570 viris
345 510 520 585 sapientibus
539 510 712 590 perpolitae,
734 511 774 570 sic
791 509 955 576 ,censendus
979 521 1023 572 est
1045 522 1074 570 et
1094 513 1141 570 in·

216 592 348 655 tellectus
381 594 536 670 proficiens
563 596 690 669 recipere
716 596 960 669 perseverantiam
991 605 1141 670 umquam

217 679 440 756 speculationem
460 679 522 750 (vel
541 679 833 754 contemplationem).
875 677 954 738 Nam
974 689 1090 754 propter
1102 690 1181 744 Μ.

133 797 135 815 ·
217 785 312 824 mores
329 774 357 823 et
377 763 512 838 exempla
528 765 726 839 virtutesque,
755 783 814 822 nou
832 763 929 822 autem
944 765 980 822 ob
995 775 1105 827 creatos
1117 769 1179 825 349

216 859 355 924 natosque
376 846 507 909 homiues
533 848 663 924 quaestio
685 858 730 908 est
757 846 884 926 theologi
899 851 1023 921 (nostri).

222 999 321 1086 (lucore
341 1000 434 1063 diois:
461 999 548 1062 Isaac
567 998 650 1062 uadit
664 1022 723 1077 per
743 999 885 1062 &mmo
912 1005 1001 1062 iusto
1015 1014 1140 1076 puteum

258 1090 451 1159 mactata?
717 1119 720 1123 ·

136 1235 139 1244 ,
304 1173 328 1250 i.
352 1179 423 1235 138.
467 1167 497 1230 0
521 1169 576 1230 deo
597 1167 745 1230 decentem
766 1170 1034 1246 contemplationem
1052 1169 1139 1229 intel·

219 1248 429 1330 lectionemqne
455 1255 653 1337 dignissimam
677 1266 764 1329 atque
786 1256 1029 1332 speculationem,
1062 1274 1138 1330 quae

218 1340 305 1416 digna
320 1350 381 1398 erat
395 1353 427 1398 ut
441 1359 556 1414 semper
569 1360 633 1398 urm
643 1340 758 1399 canticis
771 1351 992 1400 memoraretur:
1015 1359 1139 1414 eamqtoe

212 1427 372 1500 optimam,
395 1445 481 1499 quam
502 1423 577 1484 oculi
595 1427 720 1500 corporis
736 1425 837 1486 videre
853 1427 1016 1500 nequeunt!
1038 1421 1139 1498 Aper·

217 1510 256 1568 tis
278 1529 347 1585 ergo
369 1509 459 1568 oculis
483 1510 540 1568 tuis
563 1510 768 1585 spiritualibus,
799 1531 817 1570 o
840 1530 940 1586 mons,
962 1509 1030 1570 side
1041 1509 1138 1586 illum,

219 1594 317 1668 quiin
342 1602 371 1652 te
391 1587 436 1652 est
453 1614 506 1668 pro
525 1595 682 1672 exemplo,
713 1591 863 1670 Isaacmn,
893 1597 984 1654 risum
1007 1595 1139 1654 tristitiae

218 1687 386 1753 expertem3
415 1699 483 1737 eum
491 1720 502 1751 ,
524 1681 575 1754 qui
591 1700 679 1755 sirper
692 1681 788 1738 omnia
811 1701 829 1738 a
848 1679 902 1740 deo
916 1680 992 1738 facta
1011 1679 1073 1744 sine
1092 1679 1138 1736 in·

99 1777 106 1786 ·
217 1763 394 1837 terrnptione
414 1763 520 1838 gaudet
545 1765 659 1841 iugiter.
702 1761 827 1824 Videbis
848 1765 926 1824 enim
949 1785 1016 1823 eum
1035 1783 1052 1822 a
1071 1783 1138 1838 pro-

106 1861 108 1868 ‘
221 1847 336 1906 miscuis
352 1867 384 1905 ac
402 1848 570 1924 procellosis
587 1833 804 1926 cogitationibus
820 1859 1056 1925 praeservatum,
1078 1867 1139 1906 non
1207 1853 1208 1872 ³

219 1931 314 1990 dubiis
333 1933 387 2007 sed
407 1931 499 1992 firmis
515 1935 661 2010 gressibus
677 1943 706 1993 et
723 1935 811 2008 pedes
824 1943 1008 2008 usurpantem
1024 1933 1138 2006 sapien-

219 2018 279 2090 tia,
308 2037 382 2092 quae
398 2018 536 2076 immunis
557 2024 600 2078 est
621 2039 639 2076 a
659 2003 742 2077 malis
761 2017 1004 2094 praegrandibus,
1034 2017 1070 2074 ab
1092 2019 1138 2074 iu·

219 2103 286 2182 opia
312 2103 479 2160 eruditionis
510 2111 539 2160 et
565 2101 677 2161 defectu
698 2102 874 2177 disciplinae.
934 2098 1013 2160 Vide
1039 2110 1138 2161 autem
1206 2129 1207 2134 ¹

219 2205 286 2243 eum
309 2187 340 2243 in
361 2205 431 2246 vera
451 2187 623 2262 propriaque
645 2196 725 2261 parts
752 2187 908 2262 sapientiae
931 2185 1051 2262 aggredi
1077 2185 1138 2245 col·
1206 2201 1207 2260 t

219 2269 350 2344 loquium
364 2274 441 2348 ***),
470 2273 554 2330 iuxta
573 2283 710 2348 puteum,
738 2273 845 2330 mirum
868 2273 988 2346 inquam
1008 2290 1041 2329 ac
1062 2269 1136 2332 divi·
1206 2265 1207 2293 ¹

219 2375 289 2412 num
311 2356 439 2433 fontem,
470 2376 557 2431 quem
576 2358 698 2416 visionis
723 2356 896 2432 appellavit,
926 2375 1034 2414 nornen
1052 2355 1136 2414 fami·

192 2439 195 2444 ’
219 2439 291 2500 liare
310 2451 397 2515 atque
422 2442 570 2516 proprium
589 2443 741 2517 imponens
764 2443 842 2500 vitae
866 2440 1059 2515 speculativae
1083 2459 1136 2498 va·

122 2599 132 2605 .
219 2526 293 2582 canti
308 2526 352 2598 ei,
381 2528 433 2602 qui
451 2538 512 2601 est,
534 2535 563 2585 et
577 2525 802 2601 incorporalibus
817 2527 848 2583 in
865 2527 928 2600 ipso
947 2525 1039 2600 ideis,
1060 2517 1135 2598 quae

168 2655 172 2660 ,
218 2627 370 2672 merrsurae
395 2609 496 2668 laetae
515 2612 755 2686 sunt-utriusque
777 2609 889 2668 mundi.
941 2606 1135 2684 Intelligibilis
1205 2673 1206 2686 χ

218 2692 297 2748 enim
321 2691 401 2752 illius
422 2703 624 2770 argumentum
651 2704 695 2755 est
718 2696 774 2757 iste
802 2704 831 2754 et
854 2703 1026 2770 prototypus
1048 2701 1159 2768 atque·

219 2775 362 2836 sensibilis
387 2777 531 2851 (mnndi),
560 2779 591 2836 in
613 2800 671 2854 quo
696 2773 750 2840 nos
774 2798 892 2855 sumus,
919 2777 1076 2838 secumdum
1088 2778 1134 2834 in·

218 2879 382 2936 corpoream
400 2863 570 2926 mixturam.
614 2861 760 2944 Quoniam
775 2863 878 2923 melior
893 2873 990 2927 nostra
1007 2879 1074 2936 pars
1097 2859 1135 2920 ad

218 2947 365 3019 superiora
388 2947 479 3006 tendit
499 2967 586 3024 supra
607 2967 696 3023 quam
717 2946 834 3024 aether,
856 2967 943 3024 supra
962 2967 1050 3022 quam
1068 2965 1132 3004 oae-
1204 2957 1205 2970 ¹

128 3063 131 3074 ·
217 3027 281 3087 lum
310 3027 453 3106 supraque
484 3033 621 3093 universa
647 3033 803 3093 sensibilia.
856 3029 906 3095 sic
927 3033 1013 3092 etiam
1039 3033 1134 3102 omnis
1204 3067 1205 3090 t

221 3179 424 3194 m

267 3261 289 3316 *t
306 3247 392 3312 duic
408 3261 557 3328 apuam
573 3274 660 3328 potas
675 3263 754 3317 reato
771 3267 837 3318 coa.
855 3251 893 3318 ι’
910 3263 1046 3329 respuo·
1070 3277 1133 3326 aps·

216 3327 341 3384 culationi
358 3331 459 3386 deditos
476 3331 587 3394 optimos
604 3342 656 3384 ete.
689 3334 775 3386 Auca.
843 3331 884 3397 ‘*)
903 3335 999 3386 lienes.
1017 3331 1062 3394 24,
1086 3334 1130 3384 62.
1203 3333 1204 3338 ’

216 3392 267 3452 .*''*)
285 3397 328 3446 Ad
345 3401 465 3448 verbumt
493 3407 611 3466 ugentes
627 3401 768 3461 diotrcbam
783 3400 944 3454 amtutandi.
978 3399 1064 3452 Auob.
