2422 3826
51 369 55 373 ,
130 277 876 444 rmn.1nn.uu'nn1nau.mn.'rra.
901 325 955 381 ιι.
983 317 1047 384 107

129 477 197 582 (nos
217 481 374 570 philologi)
394 489 595 548 consuevimus
619 497 758 548 venatum
787 490 847 566 ire,
869 508 928 547 uon
944 488 1043 591 silvas,

128 591 246 630 nemora
258 573 417 651 ‚arbusta‚
445 569 600 633 arundines
625 573 824 649 exploraturi3
847 595 905 632 uon
920 574 1043 634 enimin

81 708 86 717 .
127 655 210 716 silvis
238 657 402 720 inanimatis
430 670 527 718 nostra
549 659 664 720 venatio
693 659 833 718 consistit:
866 659 920 718 sed
933 661 1042 726 anima·

126 739 199 800 lium
222 743 330 817 species
351 743 521 819 inquirendo
540 743 812 820 perlustrandoque:
839 743 938 803 solane
961 743 1043 804 vide·

51 843 54 848 ’
125 823 193 886 licet
221 847 302 907 mens
321 827 447 888 burmann
465 829 564 890 induta
581 839 625 888 est
644 831 772 905 irnogr'ue
791 827 935 906 (divine),
952 827 1044 888 hono·

125 931 188 973 rem
210 915 307 972 sortita
330 933 370 972 ex
387 923 488 972 natum
511 915 614 990 oppido
634 933 772 990 maguum
792 913 1044 988 diversumqne'ac

81 1055 87 1064 ,
124 993 306 1056 differentem
327 997 363 1057 ab
384 997 467 1073 aliis3
496 1019 532 1056 an
548 1001 649 1060 ceteris
664 1017 779 1076 quoque
807 997 958 1074 aequalem
978 1001 1043 1058 uni
1115 1015 1122 1036 ι

123 1083 215 1154 uersis
233 1081 385 1142 utilitatem
405 1081 484 1142 dedit
508 1084 602 1143 deus?

209 1185 231 1256 ι.
260 1189 309 1246 1-7.
352 1181 458 1258 Neque
487 1181 592 1244 melius
624 1183 778 1260 quicquam
807 1181 942 1244 uidentur·
970 1181 1043 1244 milri

122 1288 223 1328 omues
239 1268 368 1328 veritatis
387 1268 482 1356 cupidi
494 1265 672 1344 pervidisse,
696 1269 751 1328 nisi
772 1271 835 1328 siue
855 1267 916 1328 ailla
930 1269 1042 1328 dubita·
1087 1318 1089 1322 .

121 1353 199 1423 tione
215 1353 358 1414 fateantur
371 1375 431 1414 uno
446 1373 597 1429 consensu,
614 1353 694 1430 qnod
703 1354 874 1414 consilium'
864 1355 932 1414 arisit
948 1355 1041 1414 omui·

119 1437 178 1502 bus
195 1439 377 1514 spirantibus.
419 1435 551 1500 Firmum
574 1449 672 1502 autem
697 1441 922 1530 argumentum
922 1441 993 1501 acei-
1005 1452 1085 1508 Ρ.Δ.
1146 1509 1150 1516 ,

119 1525 178 1602 piet
193 1525 351 1602 quispiam,
373 1523 581 1600 praetermissis
594 1523 659 1584 aliis
673 1525 837 1620 momentis,
858 1545 933 1602 quae
952 1545 1004 1601 pro
1016 1526 1078 1587 ten

118 1609 262 1670 diversa
254 1608 362 1686 mgenir
353 1609 568 1684 amplitudine
586 1609 708 1686 quisque
725 1620 817 1684 potest
833 1611 1041 1688 excogitatum),

117 1715 253 1754 araneam
272 1697 363 1769 ipsam
384 1687 448 1774 (rel
474 1699 634 1764 araneum).
677 1691 799 1770 Videu’‚
822 1706 962 1770 quantum
987 1705 1037 1754 aut

116 1779 225 1864 quale,
247 1790 278 1838 ct
304 1777 449 1854 qaromodo
472 1781 578 1838 mirum
604 1780 659 1858 ista
684 1789 818 1854 operatur
827 1771 894 1860 **)
950 1777 1057 1860 Quae

118 1866 196 1928 enim
210 1863 277 1932 licet
298 1873 348 1922 aut
361 1863 459 1924 netrix
481 1883 625 1964 operosa
623 1849 673 1934 aaut
697 1865 810 1923 textrix
828 1863 931 1924 idonea
940 1906 951 1939 ,
975 1881 1039 1924 nou
1116 1909 1135 1945 ἱ.

115 1951 175 2014 iam
201 1944 355 2026 certando,
376 1948 428 2008 sed
451 1947 552 2010 etiam
551 1947 730 2008 aemulando
752 1951 841 2050 possit
864 1949 941 2010 ierne
964 1951 1034 2010 artis
1067 2003 1071 2010 ,
1130 1949 1137 1962 ’

114 2031 272 2098 secuudum
300 2033 416 2094 locum?
460 2029 494 2094 Si
516 2034 633 2110 quidem
652 2054 752 2094 omues
773 2036 937 2120 quicunque
953 2031 1037 2095 haud

113 2121 255 2183 incuriose
257 2141 363 2196 aeque
381 2121 442 2191 sine
457 2098 638 2196 diligentia'
629 2140 688 2186 ram
711 2141 728 2180 a
748 2121 897 2203 iuventute
916 2141 1032 2196 operam

113 2201 181 2269 bute
203 2207 257 2267 orti
282 2203 422 2266 dederuut
443 2215 529 2280 atque
547 2215 676 2264 accurate
702 2199 732 2262 id
753 2181 855 2264 imilati
879 2215 1012 2286 suant,
982 2226 1031 2266 su·
1072 2199 1085 2220 “’

15 2361 19 2366 ,
111 2278 225 2372 pecati
225 2290 331 2358 abiere.
374 2287 502 2349 Sumeus
519 2291 597 2348 enim
614 2285 744 2369 (aranea)
759 2289 841 2351 uelut
854 2289 950 2348 lanam
969 2295 1049 2351 ma-'

112 2377 284 2436 teriamuon
298 2374 494 2475 laboratam,'
484 2375 634 2452 urgeniosa
649 2375 788 2450 sapientia
799 2373 1030 2462 artificiosissime

112 2451 266 2544 cibaretur.
280 2461 421 2540 primum
442 2457 536 2518 nendo
560 2458 756 2522 instrumentis
781 2453 919 2534 propriis,
947 2462 1030 2534 quasi

111 2547 244 2622 manibus
261 2543 449 2624 qmbusdam,
469 2537 669 2618 subtilissime,
697 2543 801 2604 deiude
818 2541 867 2604 fila
887 2543 1028 2626 qrraedam

109 2613 236 2710 directe,
265 2631 322 2706 alia
338 2652 412 2698 vero
435 2627 552 2709 oblique
580 2627 739 2700 dedocens,
756 2629 878 2704 optime
906 2629 1037 2712 aternius

109 2717 197 2777 nectit
220 2707 369 2792 texitque,
385 2717 458 2778 miro
469 2713 553 2774 modo
569 2715 695 2774 conserta
714 2727 802 2790 atque
819 2726 880 2774 arte
894 2711 1027 2788 pulcher-

108 2802 202 2880 rimor
229 2802 269 2886 ita
286 2813 318 2860 ut
329 2803 405 2860 aeris
424 2811 557 2862 texturae
577 2795 711 2864 subtilem
725 2800 853 2858 laborem
867 2797 1026 2858 assimilare

5 2945 15 2956 ‚
108 2878 259 2946 videatur.
278 2897 364 2972 atque
382 2885 548 2985 firmitatem
563 2883 766 2960 perdurantem
781 2883 931 2960 dupliciter
945 2885 1070 2958 operi.
1201 2951 1202 2962 χ

106 2969 181 3030 indit
199 2959 306 3046 talem,
329 2959 470 3044 qrraleu'r
469 2963 612 3028 cerniinus
629 2969 658 3027 in
678 2967 762 3046 lyra,
788 2989 863 3044 quse
889 2967 1028 3028 duritiam
1069 2963 1074 2979 ⁸
1125 3005 1127 3012 ,
1201 2971 1202 2980 ’

105 3053 278 3116 chordarum
306 3064 335 3112 et
350 3051 474 3132 figurae
503 3054 705 3140 rotamditatem
730 3073 798 3128 prae
821 3073 855 3116 se
882 3053 982 3114 fert:
986 3074 1021 3113 eo

105 3139 216 3218 qnod
197 3161 320 3230 semper
315 3128 471 3220 (ramfig
454 3159 524 3198 eura
522 3133 680 3213 rotunda,
701 3159 788 3213 (ιιιιιιιι
805 3149 895 3199 rectae
914 3133 1020 3214 lineae,

106 3271 307 3288 m

171 3340 280 3399 ‘lVelr
305 3355 373 3408 quae
395 3355 425 3390 ιιι
442 3339 557 3436 celriputs
567 3339 731 3392 moranus
739 3339 808 3389 securi
819 3349 924 3406 posunt
939 3313 1026 3402 rigua

101 3407 212 3490 ingenii
217 3408 386 3486 ampbbsr'ma
414 3409 508 3483 Auula.
544 3408 582 3469 ‘t
601 3411 642 3515 De
659 3409 762 3463 umen
778 3411 813 3462 oi.
832 3409 901 3465 uua.
921 3421 964 3458 xi.
972 3405 1025 3456 28

64 3542 68 3545 Ι
102 3479 140 3548 et
145 3472 251 3542 passim.
284 3473 378 3530 ducii.
