2432 3820
125 207 563 331 eum.1un'.ounusum
573 245 716 312 cuce.
723 244 784 312 tv.
792 223 969 331 uuerco.
988 247 1051 314 ras

127 382 248 522 Qut?
991 355 994 368 Ι

165 525 241 562 6οης

246 508 305 575 *)?›
1032 505 1098 564 370

213 605 237 676 i.
256 611 331 664 163.
376 601 524 685 Quoniam
539 613 697 682 generosus
716 595 992 682 animus'pugnator
1008 615 1053 665 est

123 698 305 764 conaturque
317 703 347 748 et
362 710 402 748 ex
417 700 520 748 natirra
537 700 655 766 paratus
676 689 713 750 ad
732 699 872 766 mortem,
904 709 1052 766 opponens
1099 721 1102 742 ι

123 793 157 834 se
183 795 298 852 semper
318 773 519 849 cupiditatibus
542 794 596 834 nec
624 774 728 834 cedens
747 777 807 850 eia,
835 785 868 834 ut
893 777 1050 851 erigantur.

121 857 262 934 Namque
281 868 378 918 tenere
395 879 461 919 crus
476 859 674 920 fortitudinem
691 855 837 936 quandam
861 879 975 918 monim
999 860 1051 920 da-
1084 855 1097 880 ¹

121 953 266 1002 monstrat
281 945 407 1017 victoris,
436 946 487 1018 qui
502 946 557 1002 vix
571 946 640 1004 sinit
654 947 757 1020 iugum
774 945 930 1004 detrectare
951 955 980 1004 et
994 946 1050 1004 im·

121 1027 311 1088 becillitatem
328 1030 407 1099 eius,
438 1030 489 1103 qui
508 1029 644 1104 capitur.·
675 1026 758 1088 Haec
774 1031 799 1088 si
816 1031 953 1103 quianon
972 1029 1051 1090 auri·

121 1113 195 1188 bus,
225 1112 278 1172 sed
291 1115 461 1189 cogitatione
474 1123 503 1172 et
518 1113 665 1172 intellectu
681 1116 834 1189 siucipiat,
866 1113 971 1190 oppido
987 1133 1050 1186 ma·
1135 1141 1152 1196 χ

121 1218 198 1275 gnae
214 1199 339 1256 rationes
356 1199 472 1272 accipiet
485 1199 517 1256 iu
533 1199 698 1258 virtutibus.
748 1197 849 1278 Quum
866 1200 944 1257 enim
959 1216 1050 1274 supe·

98 1283 183 1342 ¹rior
206 1291 314 1357 perstet
336 1302 420 1340 mens
447 1281 573 1358 gloriose
598 1294 627 1342 et
651 1282 839 1356 iactabuude,
878 1283 932 1342 sub
959 1303 1049 1342 manu

121 1367 272 1426 redactum
289 1365 375 1428 habet
393 1365 605 1430 adversarium:
636 1367 776 1442 cupiditas
785 1369 826 1438 **)
852 1388 923 1426 vero
948 1367 1049 1428 clauda
1098 1399 1107 1422 t

122 1463 179 1526 est,
201 1471 291 1530 quum
307 1452 437 1512 ceciderit
451 1451 587 1510 deomrm
601 1461 631 1511 et
645 1450 728 1510 humi
745 1461 832 1530 strata
844 1451 942 1512 fuerit.
972 1450 1049 1532 Quia

123 1557 194 1613 ergo
211 1536 370 1596 censendus
388 1538 589 1610 (victor)**i)'‚
620 1537 677 1596 nisi
693 1538 793 1611 optimi
813 1537 919 1597 indolis
935 1557 1049 1613 posses·

123 1623 193 1682 sici
222 1621 298 1680 unde
317 1623 404 1680 etiam
427 1641 533 1680 nomen
554 1632 663 1680 certum
683 1624 789 1697 recepit
810 1622 991 1700 deceptorem
1014 1641 1049 1682 ao
1107 1637 1112 1642 '

123 1707 387 1783 supplantatorem,
418 1727 506 1782 quem
521 1703 649 1776 Hebraei
665 1718 770 1766 vocant
781 1705 877 1766 Iacob.

251 439 357 478 monus
382 415 503 478 secundi
528 415 643 532 tenebat
660 417 801 494 plenem
821 415 909 496 pedis
928 408 995 478 ebo·
1022 428 1100 484 M.

125 1875 189 1936 Gur
202 1880 360 1954 seooogintu
374 1897 519 1936 umorum
535 1873 643 1936 dicitur
653 1876 743 1956 filios
755 1877 887 1952 genuisse
897 1873 1046 1948 dracchi

210 1995 234 2073 b.
249 1999 320 2056 164.
343 1991 560 2072 Sexagenerius
570 2015 709 2056 numerus
722 2015 857 2054 mensura
868 2005 912 2055 est
926 2011 1043 2060 com-1².
1053 2011 1090 2060 Δ.

121 2076 305 2156 prehendens
315 2081 386 2139 inse
406 2079 552 2140 zodiacum
568 2080 680 2156 mundi,
702 2081 829 2156 quinque
840 2079 1013 2157 angulorum
1025 2085 1086 2142 371

28 2177 35 2188 ¹
122 2165 274 2223 duodecim
290 2165 478 2224 divisionibus
492 2165 579 2224 simul
596 2167 736 2241 sumptis3
767 2187 824 2240 qiua
838 2167 916 2226 enim
936 2167 1047 2225 ratione

122 2269 155 2309 se
171 2247 261 2308 habet
272 2251 303 2307 in
320 2251 459 2308 unitatem
476 2251 646 2309 sexenarius
661 2269 816 2322 numerus,
838 2251 941 2310 eodem
958 2249 1045 2309 mbdo

123 2335 215 2394 etiam'
231 2335 263 2392 in
281 2333 415 2393 decadem
437 2337 660 2410 sexagenarius·
705 2333 851 2414 Quoniam
874 2345 958 2393 sexto
979 2335 1046 2393 nni·

123 2438 209 2478 versa
222 2429 299 2476 terre
312 2419 499 2494 mundusque
511 2421 663 2480 factasunt
676 2428 705 2478 et
716 2422 747 2476 in
764 2419 946 2494 sexagesimo
969 2438 1046 2477 anno

123 2499 170 2563 uir
187 2496 330 2577 perfectus
347 2514 466 2580 genennt
480 2506 563 2562 iuxta
586 2502 753 2562 affinitatem
768 2523 833 2562 cum
849 2503 976 2562 mundo.»
1012 2500 1047 2562 Si

123 2587 243 2663 quidem
263 2598 296 2646 ut
316 2590 525 2664 sexagenarius
546 2599 683 2664 cognatus
704 2598 748 2648 est
766 2598 867 2664 sexto,
898 2589 939 2648 sic
958 2587 1046 2646 etiam

123 2692 283 2750 generosus
298 2673 344 2732 vir
359 2673 468 2732 mimdo
480 2675 629 2732 universo.
673 2671 771 2753 Quam
790 2675 826 2731 ob
843 2693 906 2731 rem
923 2674 996 2732 sicut
1014 2673 1046 2730 in

90 2800 92 2811 i
122 2745 233 2816 mundo
247 2767 291 2816 est
305 2757 521 2834 aliquid‘purae
535 2759 693 2833 essentiae,
725 2779 799 2833 quae
818 2757 929 2816 caelum
946 2755 1046 2816 sortita

122 2841 197 2917 fnit,
232 2852 333 2918 estque
349 2841 459 2918 aliquid
480 2843 605 2900 mixtum
627 2835 877 2916 ef'eorruptibile,
909 2839 1046 2916 quicquid

122 2927 418 3008 nimiurmsublune
435 2923 495 3003 est3
524 2929 565 2986 sic
583 2929 670 2986 etiam
688 2929 820 3002 generosi
841 2936 939 3000 partus
962 2946 1046 3000 oper-

122 3019 181 3087 tet,
211 3011 322 3088 inquit,
354 3009 565 3088 distinguantur
578 3013 609 3069 in
624 3011 774 3070 mortalem
791 3022 822 3070 et
836 3009 1044 3071 immortalem:

122 3097 192 3155 nam
208 3115 249 3155 ex
263 3095 334 3156 filiis
350 3105 427 3155 unus
442 3095 573 3156 caelestis
589 3105 632 3154 est
649 3104 679 3154 et
696 3095 770 3156 aiter
785 3096 938 3156 terrestris.

172 3325 201 3386 ·)
220 3327 372 3396 (senecas,
389 3327 434 3378 26.
504 3327 542 3388 *')
559 3328 621 3380 sive
640 3329 730 3395 passio
749 3329 806 3380 siue
829 3329 930 3380 sitim
957 3331 1044 3382 Aeci.

122 3395 177 3456 m)
195 3395 268 3447 Vela
293 3399 366 3463 Quae
380 3411 443 3462 ergo
459 3395 583 3448 eceman
599 3405 641 3448 est*
651 3397 766 3450 vbuore‘e.
789 3399 876 3450 Aued.
927 3401 956 3457 is)
973 3399 1043 3448 lbid.
