2418 3812
94 231 202 319 enm
213 231 301 298 mn.
319 176 504 318 ananan.
520 231 712 297 maxon.
728 181 802 300 nn.
816 216 881 318 §.a
893 243 923 300 a.
943 215 1016 304 aoa‘

96 401 247 493 (lauream
262 399 374 464 decimo
389 399 674 486 (dammula
693 402 1006 486 oeruatquartoedo·
1110 407 1113 416 ’

132 493 222 549 cimae
242 483 330 570 (diei)
344 511 421 548 oveto
435 487 716 570 ouonfiouudcnro*)?

111 625 115 630 .
174 576 198 646 l.
222 579 252 634 2.
295 571 443 648 Primum,
466 586 498 634 nt
518 577 569 652 qni
588 575 736 634 oblaturus
752 575 1006 660 emtaacrifioinm,

91 677 148 718 non
175 658 266 718 obiter
291 659 375 718 illino·
397 661 459 719 siue
479 661 695 736 praeparatione
715 666 788 720 tacta
809 661 1005 738 sacrilioeroet,

16 745 18 794 l
90 743 141 804 aed
160 763 227 802 onra
241 743 445 820 diligentiaque
467 755 614 819 tamquam
627 745 665 804 ad
685 747 807 820 gratiam
828 746 1005 832 reddendam

91 839 203 904 paratus
229 829 371 890 salvatori
395 841 424 888 et
446 829 620 889 benefactori
641 831 842 890 univeraounm
863 830 927 892 deo.
969 844 1050 902 M.
1103 829 1106 838 ’

90 911 223 973 Secundo
244 914 298 975 snb
325 915 486 992 aenigmate
509 935 562 988 per
589 913 670 976 illam
691 909 888 990 praeparatam
907 913 961 976 lro·
981 919 1047 980 447

91 999 174 1059 etiam
200 997 265 1058 vult
284 997 357 1058 illud
378 1001 458 1073 priua
478 999 616 1074 edocere,
648 1001 699 1074 qni
721 999 868 1059 oblaturus
888 1011 932 1059 eet
951 999 1005 1062 ho·

89 1083 191 1155 etiam,
214 1078 308 1164 (eum)
330 1103 499 1159 praeparare
517 1085 643 1142 annnam
665 1093 693 1144 et
714 1104 833 1160 oorpna3
855 1085 932 1144 istud
953 1106 1006 1161 per

16 1229 17 1246 ,
90 1166 259 1228 munditiam
279 1165 537 1244 abstinentiamque
557 1169 593 1226 ab
614 1169 822 1245 immunditiis,
850 1168 932 1228 illam
953 1190 1006 1230 au·

89 1262 220 1327 temper
248 1248 425 1314 vacationem
454 1251 579 1312 diuinae'
598 1253 749 1312 initiationi
771 1253 943 1328 tranquille,
970 1263 1006 1325 ¹ut
1065 1313 1068 1321 ,

87 1339 125 1398 ait
154 1336 302 1396 dissolutio
328 1338 532 1412 cupiditatum,
564 1339 617 1398 etei
637 1359 696 1396 non
724 1340 861 1411 omuino,
884 1328 1006 1412 'contrar-

87 1421 233 1482 bautium:
255 1441 313 1481 nou
330 1424 408 1486 enim
423 1423 489 1482 licet
501 1422 659 1482 aemndum
676 1425 774 1482 tritum
794 1424 917 1484 verbnm
937 1422 1006 1482 illo-

87 1507 124 1567 titt
150 1506 271 1581 pedibus
301 1508 413 1584 ingredi
442 1509 640 1584 pavimentum
667 1508 767 1583 templi
799 1505 873 1570 dei.¹
906 1506 1006 1570 Tertio
1068 1567 1075 1587 „

16 1617 19 1622 ·
89 1591 191 1652 miultis
211 1590 313 1652 diebus
341 1593 406 1651 vult
425 1593 552 1668 experiri
572 1583 706 1669 gentem',
734 1593 897 1667 qualisnam
916 1595 954 1654 ait
974 1594 1006 1652 in
1074 1613 1079 1621 ·

87 1676 165 1753 fide3
187 1677 427 1752 qnoniamdrnbio
448 1688 526 1736 actos
546 1678 698 1738 manifeste
718 1677 824 1736 nolebat
844 1675 908 1736 nonv
923 1699 1006 1753 prae-

86 1772 202 1839 paratos
223 1783 287 1824 ease
308 1764 338 1822 iu
361 1763 556 1840 oblationem,
583 1762 634 1821 aed
655 1763 750 1836 potina
770 1761 951 1838 negligenter
972 1782 1005 1824 ae

85 1857 219 1923 gerentes
251 1847 287 1906 ad
314 1849 532 1906 convenientem
567 1847 809 1924 condignamque
826 1846 1006 1924 diligentiam

84 1929 257 1992 habendam.
302 1931 414 2013 erarto
428 1931 649 1992 debellationem
670 1929 888 2008 Aegyptiorum
907 1931 1005 2008 palam
1030 1997 1036 2004 ,

84 2015 212 2078 inducit:
240 2017 309 2092 quin
338 2020 392 2077 etsi
422 2039 480 2076 non
510 2019 627 2078 omniuo
653 2018 684 2075 in
711 2017 872 2094 angustiam
892 2016 1005 2078 ‘redacti

84 2109 169 2162 eraut
204 2111 234 2160 et
262 2101 380 2162 horrore
412 2103 583 2162 constemati
603 2122 653 2168 ‚ex
683 2102 788 2178 malis,
822 2121 897 2178 quae
927 2102 1005 2178 panai
1046 2091 1050 2120 ’

83 2196 172 2266 aaut,
202 2187 276 2245 illud
307 2209 421 2266 qnoque
448 2189 579 2248 lutrarum
606 2189 648 2246 eia
678 2187 807 2260 muham,
833 2185 910 2262 qnod
939 2196 1006 2262 pasl

83 2279 185 2330 oertoa·
200 2272 333 2346 quinque
355 2273 435 2349 dies,
466 2273 608 2333 debebant
636 2273 763 2348 perpeti,
794 2291 883 2344 quum
906 2269 1005 2334 honos

82 2357 130 2416 aui
155 2357 365 2430 'praeparabant
391 2375 455 2416 aeae
476 2357 512 2416 ad
543 2358 678 2416 victoriae
699 2355 807 2416 hostiae
828 2353 1002 2416 offerendas.

81 2437 199 2500 Littera
212 2438 284 2499 haec
301 2439 415 2518 habeta
429 2442 466 2502 ad
479 2451 605 2500 mentem
617 2461 687 2500 vero
700 2441 731 2500 id
746 2449 807 2499 erat
817 2441 1003 2518 convenieua,

16 2545 18 2548 ·
81 2535 116 2584 ut
124 2543 265 2584 uumerus
279 2535 307 2586 et
322 2536 423 2586 natura
433 2526 520 2586 aimtd
529 2527 659 2594 omnium
674 2525 876 2602 colligeretur„
897 2523 1001 2606 Quian·

81 2609 120 2670 do
139 2630 211 2686 ergo
230 2611 343 2670 animae
364 2621 519 2687 appareant
543 2609 673 2684 lucidae,
704 2610 785 2670 uisus
806 2629 907 2670 eanum
931 2610 1002 2670 inei·

79 2695 168 2771 piant
188 2695 295 2754 festum
317 2694 461 2756 celebrare
468 2737 493 2768 ,-
507 2698 597 2756 uitam
615 2696 727 2754 tristitia
744 2704 773 2754 et
788 2695 890 2754 timore
904 2713 1002 2754 caren-

79 2787 143 2840 tem
171 2790 320 2854 operantes
339 2783 433 2840 sortiri
455 2791 531 2844 nerto
553 2780 707 2840 iudeoimo
727 2779 846 2854 plenum
861 2788 889 2838 et
907 2779 1001 2852 perle-

64 2871 162 2924 ‘etum
183 2859 559 2934 cementa-ornamentum
585 2861 703 2926 rationis
726 2865 1000 2940 perpensionisquer

78 2947 110 3008 id
125 2957 172 3008 eat
185 2947 306 3008 affectus
321 2970 420 3010 earum
438 2951 556 3026 quinam
576 2959 640 3026 eat,
661 2950 718 3008 uiai
736 2949 881 3008 festiuual
966 2965 1041 3022 Μ,
1089 3009 1099 3016 „

82 3029 172 3118 (laid
193 3047 254 3108 est,
284 3033 365 3112 qaod
380 3032 536 3109 oenomelum
556 3025 656 3094 domos
665 3031 860 3118 fondlunrnn
879 3027 957 3092 ether
976 3037 1042 3102 448

119 3121 201 3183 sumi
220 3115 375 3203 ovem**)?
1062 3195 1068 3204 x

168 3221 192 3293 i.
209 3224 240 3280 3.
283 3215 435 3300 Primum,
456 3219 524 3298 qnia
539 3219 667 3282 familiae
686 3229 755 3283 mut
772 3237 895 3298 magnae
911 3237 1002 3296 quaa·
1060 3243 1066 3249 ·
1113 3214 1116 3223 ’

134 3400 423 3464 mamerano.
491 3372 750 3466 *·›1aro.'v.o'.,¹
873 3447 875 3454 ,

110 3469 481 3545 maranum„
576 3497 579 3500 -
656 3519 664 3544 ,
768 3469 858 3532 z¹
