2406 3822
170 243 215 310 to
234 243 438 307 Pfflnnttn.
446 239 785 327 quaestuosus.
799 242 838 306 1..
846 241 904 306 IV.
919 241 1090 336 §.rr-13.
1161 275 1164 280 ¹

171 419 360 478 instrumenta
380 411 521 489 partialis.
564 411 643 474 Nam
666 413 752 474 video
775 408 932 474 secundnm
954 417 1090 478 virtutem

172 513 202 563 et
216 501 319 576 audio,
348 499 466 576 olfacio,
488 510 573 576 gusto
582 541 592 572 ‚
624 509 711 574 tango
732 509 899 575 ceterosque
924 511 1019 561 motus
1036 522 1089 562 ex·

172 607 254 647 arceo
269 584 427 645 secundum
448 584 647 662 prudentiam,
676 585 850 662 castitatem,
867 581 1089 670 tortitudinem,

171 673 319 733 iustitiam.

175 821 598 900 comtemtores
645 821 804 884 Romen
840 827 954 885 veniam
992 821 1173 887 adu.

214 923 341 986 tenpore
360 906 432 986 hoc,
453 913 512 970 isto
532 905 624 985 hcro5
645 922 673 970 et
684 910 749 990 fior
760 908 852 989 filiam
867 908 981 970 Sarrae
997 913 1092 974 νωθῆ

214 999 340 1068 tuoe*)?

258 1097 347 1168 §..12
391 1093 490 1174 Quare
504 1095 730 1172 singulariter,
720 1115 779 1155 ram
796 1097 903 1156 drotum
913 1107 974 1175 est,
996 1117 1091 1174 quon·

135 1201 137 1204 ·
172 1182 232 1241 iam
249 1097 305 1240 doc
319 1179 499 1258 significato,
530 1199 588 1238 non
610 1179 760 1258 homines,
782 1182 834 1241 sed
848 1193 958 1258 patrem
971 1184 1092 1242 univer·

173 1285 272 1326 sorum
293 1267 404 1324 coniicit
426 1285 568 1324 unacum
584 1267 738 1325 virtutibus
755 1265 915 1326 advenisse.
960 1263 1091 1327 Gratiam

172 1371 244 1412 vcro
268 1352 461 1426 inposterum
482 1352 622 1425 remittit,
650 1360 797 1425 praestans
816 1351 929 1411 animae
948 1353 1091 1426 probatio-

172 1457 242 1496 nem
256 1435 431 1511 firrnicrcm3
454 1435 519 1494 vult
539 1437 618 1494 enim
631 1437 732 1494 maiori
746 1438 998 1510 procrastinatione
1013 1437 1092 1497 sitim

173 1541 279 1596 augere
297 1530 325 1580 et
335 1519 509 1578 desiderium
524 1521 661 1594 pietatis
652 1539 825 1578 rmmensum
836 1521 966 1580 reddere.
1002 1519 1092 1581 Tem-

173 1625 228 1682 pus
244 1614 340 1664 autern
356 1625 414 1662 non
434 1615 478 1664 est
494 1605 577 1680 spatii
593 1605 681 1664 solius
697 1625 823 1678 nomen,
851 1605 902 1666 scd
921 1625 986 1666 cum
997 1606 1092 1667 debita

173 1684 315 1750 solutione
331 1710 444 1750 rerum·
467 1692 591 1764 spatium
604 1691 682 1748 enim
694 1689 878 1764 persolvendi
890 1700 934 1750 est
944 1694 1091 1752 correctio·

120 1769 123 1772 ’
174 1776 220 1834 nis
246 1784 376 1850 tempus,
413 1774 595 1848 persolvendi
623 1785 721 1834 autem
742 1795 858 1836 omnem
882 1777 1091 1841 rectitudinem.

174 1857 360 1920 Manifestam
378 1853 445 1918 huic
458 1859 526 1918 facit
541 1859 631 1918 iidem
647 1861 714 1936 ille,
742 1863 792 1936 qni
813 1861 889 1933 (velz
912 1861 986 1921 illud
1002 1861 1092 1938 quod)

173 1944 267 2003 dixit:
299 1942 450 2018 Proprium
476 1945 555 2003 enim
574 1963 606 2002 ac
628 1955 736 2003 certum
753 1955 796 2004 est
812 1965 865 2020 per
882 1945 1010 2004 divinam
1030 1948 1093 2009 vir·

174 2039 265 2088 tutem
286 2027 412 2103 persolvi
431 2028 589 2102 quidquam
610 2039 706 2104 recte,
737 2030 810 2087 sicut
829 2039 858 2088 et
876 2049 927 2104 per
943 2030 1010 2089 illos
1027 2035 1092 2108 qui-

174 2109 230 2173 dus
246 2113 317 2172 velit
341 2113 505 2172 coricedere.
548 2110 645 2172 Horas
664 2109 733 2188 er'go
749 2124 889 2173 memorat
906 2135 966 2174 una
980 2126 1092 2191 tempo-

174 2219 240 2257 rum
254 2208 303 2256 ant
314 2198 531 2256 intervallorum
543 2197 718 2272 prolixitatis
730 2199 835 2278 potius,
857 2219 945 2272 qnam
960 2201 1035 2258 ordi·
1057 2215 1087 2264 P.
1095 2216 1135 2268 Δ.

174 2283 221 2342 nis
229 2281 406 2342 harmoniae
427 2279 505 2341 Nam
513 2283 581 2340 anni
593 2282 730 2342 circulum
739 2284 915 2357 temporibus
924 2285 1055 2344 ordinare
1069 2288 1134 2350 255
1200 2299 1201 2348 t

142 2377 275 2452 ‘'aptum
292 2377 370 2426 erat.
393 2366 470 2442 quod
490 2366 658 2444 symbolum
681 2355 1201 2428 testamenmentum*

175 2455 212 2512 tis
224 2453 370 2513 moribus
361 2473 392 2510 ιιι
404 2451 535 2510 ordinem
551 2461 580 2510 et
593 2451 720 2512 debiturn
731 2465 930 2512 ornamentum
943 2456 1091 2532 venienti,

175 2539 222 2596 cui
245 2537 399 2596 concedere
421 2537 474 2609 ait.
504 2538 530 2594 si
541 2522 741 2612 permansisse
762 2538 901 2598 viderit·
891 2557 922 2594 ιιι
939 2538 1053 2622 ordine.
1063 2548 1093 2599 et

176 2623 319 2766 agqrdtate
326 2664 336 2697 ,
368 2622 583 2698 generationem
597 2621 747 2684 meliorem
763 2632 865 2682 natura
885 2618 981 2698 ipsius
990 2641 1043 2700 per
1059 2643 1092 2686 sc

176 2727 193 2766 e
214 2708 267 2766 octi

121 2813 143 2824 ”
179 2856 387 2944 praesen
415 2857 729 2937 casmenas,
757 2859 1094 2942 masuam

217 2942 400 3004 rodomaculs'
419 2960 482 3005 erar
496 2959 566 3022 part
585 2947 730 3020 eum**)?‘

262 3033 360 3101 §.13.
403 3028 515 3090 Littera
538 3032 689 3092 manifesta
710 3031 928 3092 videturesse.
957 3031 995 3092 ad
1010 3051 1092 3094 men·

139 3162 142 3168 .
175 3122 328 3176 tamvero
359 3115 479 3176 fortasse
504 3117 545 3174 sic
568 3135 600 3176 se
624 3114 721 3178 habet.
773 3114 877 3178 Virtus
902 3138 920 3176 a
944 3116 1093 3193 posteriori

175 3209 256 3275 parte
277 3209 333 3260 stat
358 3198 457 3275 illius,
485 3201 536 3278 qui
553 3201 691 3262 uirtutem
708 3219 751 3262 cx
768 3211 872 3264 natura
893 3210 1004 3276 serrat,
1032 3219 1093 3262 nou

207 3413 254 3480 ,*)
273 3417 371 3467 Genea.
390 3414 439 3479 18,
464 3415 508 3468 1⁰.
578 3415 617 3484 “)
634 3418 744 3472 latren.
